2853 3836
106 266 249 334 jiium
289 278 480 326 Melam.
518 293 565 344 p.
594 276 675 327 65.
709 276 791 325 66.
859 274 946 336 „Si
981 274 1031 324 in
1070 273 1285 325 Galliam
1320 280 1563 335 transeat,
1610 274 1792 342 inquit,
1836 273 2054 327 inveniet
2096 274 2519 344 archiepiscopum
2566 277 2665 330 Re-

114 377 348 420 mensem,
383 361 637 427 primatem
666 358 817 408 totius
845 357 1055 419 Galliae,
1087 358 1169 425 qui
1204 358 1270 407 sit
1304 358 1470 423 regius
1502 358 1909 420 bibliothecarius,
1942 358 1984 410 ai
2017 357 2218 410 Romam
2252 368 2437 426 pergat,
2465 355 2667 414 -bab‘ebit

112 443 396 509 primarium
432 443 756 503 cardinalem,
799 442 881 506 qui
918 458 1148 493 romanae
1182 442 1420 490 ecclesiae
1468 441 1817 492 bibliothecarii
1861 442 2075 507 gaudeat
2115 442 2273 494 titulo.
2342 442 2536 507 Quodsi
2570 461 2666 494 non

112 532 305 578 tantum
341 542 368 575 a
403 524 740 592 magnitudine
772 532 823 574 et
858 522 1076 590 potentia
1122 539 1291 588 regum
1330 523 1571 589 Aegypti,
1615 523 1702 575 sed
1737 531 1788 574 et
1821 539 1849 574 a
1885 524 2124 589 dignitate
2157 525 2312 591 ipsius
2350 525 2668 577 bibliothecae

112 615 455 676 argumentum
478 608 730 657 'ducamus
767 623 969 658 necesse
1004 613 1095 668 est,
1132 613 1267 657 tanto
1303 607 1630 671 praestantius
1673 605 1721 656 id
1770 622 1950 657 munus
1984 607 2096 658 olim
2135 607 2290 660 fuisse
2318 609 2667 660 existimemus,

113 700 297 758 quanto
326 689 659 740 Alexandrina
693 690 807 740 olim
848 690 1137 740 bibliotheca
1174 690 1502 756 praestantior
1537 688 1629 739 suit
1657 688 1908 751 Vaticana,
1943 689 2126 741 additis
2154 690 2299 742 etiam
2335 691 2382 743 iu
2419 691 2667 744 cumulum

110 776 337 825 omnibus
394 774 546 825 totius
599 774 830 841 Europae
878 774 1204 833 bibliothecis,
1257 781 1313 822 ut
1360 773 1534 823 merito
1580 772 1756 839 aliquia
1800 772 2006 834 dixerit,
2058 788 2153 824 non
2201 772 2362 825 minus
2408 775 2666 839 gloriosam

114 858 365 907 Demetrio
413 857 734 906 bibliothecae
781 856 1134 923 praefecturam
1180 856 1334 906 fuisse
1377 858 1470 906 sub
1516 856 1820 918 Ptolemaeo,
1866 872 2009 923 quam
2058 856 2360 908 Athenarum
2406 857 2499 908 sub
2546 858 2668 909 Gas-

111 942 295 991 sandro
332 945 457 991 etc.“
525 942 699 1007 Neque
740 957 828 991 nos
864 940 1098 1001 offendit,
1144 940 1274 1006 quod
1306 939 1646 992 Tertullianus
1679 939 1728 990 in
1767 939 2110 1007 Apologetico,
2157 940 2239 990 ubi
2276 941 2339 992 de
2372 939 2666 1007 interpreta-

110 1024 243 1075 tione
282 1025 536 1073 bibliorum
587 1025 774 1089 agitur,
827 1024 1133 1075 Demetrium
1175 1024 1465 1072 Phalereum
1511 1023 1937 1088 grammaticorum
1973 1032 2092 1073 tunc
2132 1023 2475 1091 peritissimum
2513 1023 2665 1074 nomi·

111 1116 209 1167 nat,
247 1124 399 1172 quare
432 1108 695 1158 Wowerus
726 1107 875 1156 alium
912 1108 1278 1173 grammaticum
1307 1106 1606 1155 Demetrium
1643 1106 1978 1173 quaerendum
2013 1122 2122 1156 esse
2158 1115 2311 1172 putat·
2372 1106 2665 1168 Demetrius,

109 1206 256 1255 quem
312 1190 627 1255 grammatica
680 1191 943 1255 scripsisse
996 1198 1165 1256 postea
1216 1189 1513 1249 videbimus,
1569 1197 1624 1236 ut
1685 1188 1793 1254 περὶ
1849 1188 2047 1247 Ἰλιάδος
2105 1189 2508 1250 commentarios,
2557 1189 2667 1254 περὶ

108 1271 426 1333 Ὀδυσσείας,
472 1273 582 1338 περὶ
625 1272 970 1338 Ἀντιφάνους,
1010 1270 1293 1337 Ὁμηρικόν,
1329 1270 1436 1330 alia,
1472 1286 1567 1320 non
1604 1269 1832 1337 indignus
1867 1279 1987 1332 erat,
2022 1271 2104 1338 qui
2140 1280 2237 1322 tam
2273 1271 2541 1323 honorifico
2577 1288 2664 1322 no-

109 1356 240 1405 mine
263 1358 613 1422 appellaretur,
644 1373 742 1421 quo
763 1356 1123 1405 Tertullianum
1152 1357 1214 1404 ob
1238 1354 1287 1405 id
1311 1341 1472 1420 ipsum
1501 1370 1642 1404 usum
1669 1371 1782 1404 esse
1810 1354 2071 1405 verisimile
2097 1364 2187 1416 est,
2214 1355 2342 1422 quod
2370 1355 2663 1406 mentionem

111 1437 217 1504 ejus
249 1439 367 1488 facit
405 1440 727 1489 bibliothecae
755 1440 1007 1505 praefecti,
1043 1456 1192 1504 quum
1233 1439 1380 1488 libros
1417 1437 1680 1504 iniquirere
1713 1447 1764 1487 et
1787 1439 2035 1493 instruerex
2069 1439 2385 1490 bibliothecas
2415 1439 2663 1506 proprium

109 1530 244 1573 esset
279 1523 772 1589 grammaticorum.¹)
841 1523 954 1575 Hac
999 1524 1149 1589 igitur
1194 1523 1383 1574 ratione
1418 1522 1724 1575 Demetrium
1762 1522 2053 1574 Phalereum
2092 1523 2456 1589 grammaticum
2493 1524 2663 1589 appel-

109 1605 231 1656 lavit
267 1607 622 1657 Tertullianus.
659 1635 726 1643 —
2382 1656 2386 1660 .

245 1688 455 1739 Accedit
501 1689 701 1739 tertium
740 1689 901 1756 idque
948 1688 1321 1755 gravissimum,
1374 1687 1503 1753 quod
1557 1688 1831 1738 sententiae
1881 1688 2174 1754 scriptorum
2225 1689 2662 1740 ecclesiasticorum

108 1786 385 1837 repugnare
423 1771 643 1832 videtur,
689 1772 819 1837 quod
866 1772 1049 1821 Suidas
1084 1789 1123 1821 s.
1160 1789 1205 1820 v.
1253 1768 1540 1835 Ζηνόδοτος
1585 1770 1894 1820 Zenodotum
1940 1772 2304 1836 grammaticum
2342 1771 2664 1823 bibliothecae

110 1854 414 1918 praesectum
453 1854 570 1903 facit
605 1872 663 1903 eo
698 1863 934 1918 tempore,
969 1871 1066 1919 quo
1103 1854 1381 1903 Demetrius
1409 1854 1678 1901 Phalereus
1712 1870 1772 1901 eo
1810 1869 2011 1901 munere
2047 1854 2246 1903 functus
2281 1871 2390 1903 esse
2424 1865 2661 1906 narratur.

108 1934 421 2001 Ζηνόδοτος,
466 1936 706 2002 Ἐφέσιος,
752 1935 986 1994 ἐποποιὸς
1021 1937 1102 1983 καὶ
1136 1935 1496 1999 γραμματικὸς,
1541 1935 1783 1999 μαθητὴς
1826 1940 1916 1983 τοῦ
1954 1937 2181 2000 Φιλητᾶ,
2229 1937 2310 1983 ἐπὶ
2344 1939 2663 1999 Πτολεμαίου

108 2028 318 2090 γεγονὼς
352 2035 443 2079 τοῦ
479 2028 692 2095 πρώτου·
737 2027 792 2089 ὃς
825 2029 907 2077 καὶ
944 2034 1140 2096 πρῶτος
1175 2035 1277 2078 τῶν
1310 2028 1521 2095 Ὀμήρου
1554 2028 1840 2095 διορθωτὴς
1874 2032 2076 2089 ἐγένετο,
2121 2030 2203 2078 καὶ
2235 2034 2336 2079 τῶν
2370 2035 2421 2079 ἐν
2453 2031 2662 2090 Ἀλεξαν-

110 2123 247 2190 δρείᾳ
281 2126 666 2189 βιβλιοθηκῶνῦ)
709 2123 964 2191 προῦστη,
1009 2125 1091 2171 καὶ
1126 2124 1244 2184 τοὺς
1286 2124 1472 2183 παῖδας
1506 2123 1827 2187 Πτολεμαίου
1869 2124 2225 2191 ἐπαίδευσενθ)

168 2310 204 2361 ¹)
234 2312 344 2356 idem
376 2313 429 2355 de
457 2313 723 2367 Tyrannione,
753 2311 1042 2366 Epaphrodito,
1081 2311 1214 2353 multis
1244 2310 1331 2353 aliis
1365 2310 1566 2364 proditum
1597 2317 1671 2354 est.
1738 2312 1837 2355 Ideo
1876 2313 1917 2353 in
1956 2317 2120 2354 autores
2156 2324 2379 2367 eorumque
2402 2295 2538 2367 'opera
2569 2315 2662 2356 dili-

241 2392 387 2439 genter
426 2386 683 2438 inquirebant
720 2390 761 2426 et
799 2385 954 2425 indices
996 2384 1187 2425 librorum
1227 2383 1499 2436 publicabant.
1574 2384 1837 2425 Callimachus
1880 2386 2164 2437 grammaticus
2203 2390 2485 2436 composuerat
2520 2384 2661 2422 «πίνακα

237 2453 504 2495 παντοδαπῶν
533 2450 856 2506 συγγραμμάτων,
888 2460 929 2498 et
951 2454 1152 2508 Telephus
1182 2454 1422 2508 vulgaverat
1438 2455 1561 2497 libros
1591 2452 1792 2506 βιβλιακῆς
1821 2453 2037 2506 ἐμπειρίας,λ
2056 2455 2094 2493 ἐν
2122 2449 2179 2498 οἷς
2208 2450 2380 2493 διδάσκει
2409 2451 2460 2493 τὰ
2488 2451 2662 2505 κτήσεως

240 2525 332 2576 ἄξια
360 2527 503 2579 βιβλία.
563 2529 625 2571 Ob
656 2528 757 2568 hanc
786 2530 908 2582 igitur
937 2527 1196 2581 multiplicem
1238 2527 1429 2569 librorum
1470 2529 1650 2582 peritiam
1695 2529 1944 2583 grammatici
1983 2528 2234 2570 bibliothecis
2274 2529 2434 2582 praefici
2463 2529 2659 2571 solebant.

237 2604 296 2647 lta
327 2603 433 2658 apud
464 2602 699 2643 Suetonium
731 2600 911 2654 legimus,
942 2602 984 2644 C.
1011 2601 1216 2643 Melissum
1249 2602 1550 2655 grammaticum
1582 2613 1719 2643 curam
1749 2600 1997 2642 ordinandae
2027 2600 2308 2652 bibliothecae,
2342 2614 2445 2655 quae
2474 2603 2514 2644 in
2534 2603 2659 2648 Octa-

240 2678 329 2718 viae
358 2677 518 2730 porticu
550 2678 651 2725 erat,
681 2675 927 2727 suscepisse,
955 2679 996 2716 et
1027 2675 1231 2729 Hyginum
1261 2675 1564 2727 grammaticum
1596 2674 1797 2722 Palatinae
1826 2672 2092 2715 bibliothecae
2121 2672 2355 2726 praefuisse.

164 2759 206 2812 ²)
237 2766 383 2807 Prioris
414 2777 462 2805 an
495 2764 708 2816 utriusque
738 2761 1017 2813 bibliothecae,
1048 2763 1232 2805 dubitare
1270 2762 1389 2814 licet;
1436 2775 1676 2817 quamquam
1716 2762 1811 2804 illuc
1852 2761 2036 2817 perducit
2073 2763 2158 2803 veri
2199 2762 2395 2816 quaedam
2425 2762 2658 2812 similitudo,

242 2838 478 2891 praesertim
509 2837 543 2876 si
574 2840 689 2876 recte
720 2847 768 2875 se
796 2834 929 2895 habet,
960 2835 1066 2886 quod
1097 2840 1209 2877 extat
1237 2836 1277 2876 in
1309 2836 1525 2889 prooemiis
1565 2834 1618 2876 de
1648 2834 1863 2890 Apollonio
1894 2833 2066 2886 Rhodio,
2106 2828 2161 2877 ὥς
2188 2834 2253 2876 καὶ
2282 2834 2363 2870 τῶν
2389 2830 2657 2883 βιβλιοθηκῶν

239 2907 312 2947 τοῦ
343 2905 541 2944 Μουσείου
572 2903 792 2955 ἀξιωθῆναι
823 2900 953 2942 αὐτόν.

165 2994 203 3044 ')
232 3000 291 3040 De
321 2996 521 3040 hocloco
560 3010 596 3037 v.
627 2996 889 3038 Weichertus
929 2995 1031 3038 uber
1072 2994 1142 3037 das
1169 2997 1306 3039 Leben
1346 2996 1428 3038 und
1474 2996 1545 3038 das
1577 2995 1747 3039 Gedicht
1786 2996 1858 3038 des
1887 2996 2127 3051 Apollonius
2168 3008 2206 3050 p.
2249 2994 2315 3037 12.
2354 2994 2425 3044 (cf.
2470 2995 2582 3039 Clint.
2615 2997 2656 3037 F.

241 3072 286 3113 fl.
320 3073 369 3112 ΙΙΙ
401 3084 438 3125 p.
463 3066 600 3121 49¹.)
660 3071 697 3111 ls
728 3075 819 3123 post
849 3070 1087 3111 Mansonem
1117 3069 1214 3110 vidit
1241 3070 1421 3112 rationes
1453 3073 1690 3123 temporum,
1728 3073 1772 3110 ut
1801 3068 2020 3111 Ptolemaei
2052 3067 2297 3123 Philadelphi
2339 3068 2486 3111 liberos
2518 3068 2657 3112 erudi-

241 3144 368 3187 endos
398 3146 614 3199 acceperit,
644 3144 866 3197 requirere.
927 3143 1075 3185 Probat
1106 3142 1223 3184 etiam
1253 3142 1492 3186 Ritscbelius
1526 3142 1577 3184 de
1609 3142 1863 3185 bibliothecis
1892 3141 2257 3185 Alexandrinorum
2292 3141 2495 3196 disputans
2527 3154 2563 3195 p.
2587 3140 2655 3182 82.

239 3218 443 3273 Improbat
481 3222 643 3271 praeter
682 3216 783 3259 alios
814 3215 1014 3259 llefl’terus
1054 3216 1095 3257 in
1126 3215 1282 3258 dissert.
1325 3216 1375 3258 de
1403 3215 1612 3259 Zenodoto
1651 3227 1689 3270 p.
1718 3214 1759 3257 4.
1804 3219 1914 3258 ratus
1957 3213 2112 3261 scilicet
2148 3215 2343 3269 integram
2383 3227 2477 3257 esse
2513 3213 2653 3261 hornia
