2853 3836
1388 132 1490 194 18

158 270 342 321 cadunt
370 268 548 318 lumina
577 270 751 328 omnia,
788 267 936 315 multa
966 264 1111 315 etiam
1148 265 1529 316 sententiarumz
1568 265 1695 316 latae
1719 264 2033 332 eruditaeque
2061 264 2417 330 disputationes
2444 269 2507 319 ab
2534 266 2705 318 eodem

159 352 495 418 explicantur,
542 361 592 400 et
629 350 717 399 loci
756 364 1039 398 communes
1075 348 1179 399 sine
1215 349 1527 398 contentione
1559 347 1802 399 dicuntur.
1878 348 1966 398 Est
2008 348 2134 397 enim
2171 348 2414 413 quoddam
2451 352 2594 401 etiam
2631 350 2704 400 in-

159 435 297 499 signe
342 442 394 484 et
438 435 618 483 florens
653 431 911 489 orationis,
959 430 1143 495 pictum
1182 440 1232 480 et
1267 431 1537 495 expolitum
1572 444 1746 496 genus,
1791 428 1841 478 in
1885 446 1981 495 quo
2014 447 2183 482 omnes
2221 432 2503 491 verborum,
2539 449 2708 482 omnes

159 516 514 566 sententiarum
559 513 809 577 illigantur
857 513 1068 575 lepores.
1146 512 1261 560 Hoc
1307 520 1462 562 totum
1510 530 1539 562 e
1571 511 1899 577 sophistarum
1948 512 2164 561 fontibus
2199 512 2408 562 defluxit
2450 511 2497 560 in
2535 513 2709 573 forum,

159 597 247 647 sed
284 603 507 662 spretum
545 611 572 644 a
606 581 886 653 subtilibus,
921 594 1174 659 repulsum
1211 610 1239 642 a
1274 592 1529 658 gravibus,
1564 593 1614 643 in
1649 608 1730 654 es,
1764 592 1827 642 de
1860 607 1956 657 qua
1992 593 2188 658 loquor,
2224 592 2558 643 mediocritate
2592 609 2708 642 con·

160 678 337 730 sedit.“
405 678 503 728 His
538 683 588 726 et
623 676 730 727 aliis
764 676 1017 726 Ciceronis
1054 676 1172 725 locis
1206 691 1354 738 supra
1390 675 1620 741 prolatis,
1653 692 1718 726 ex
1750 675 1926 742 quibus
1962 674 2293 736 Demetrium,
2339 675 2480 742 cujus
2516 675 2708 727 dicendi

165 777 322 827 genus
357 759 553 812 mollius
593 775 652 808 ac
687 758 941 808 remissius
980 767 1136 817 esset,
1178 757 1452 807 delectasse
1486 758 1639 823 magis
1676 757 2003 808 Athenienses
2038 773 2181 823 quam
2217 757 2566 821 inflammasse,
2600 775 2709 808 ora·

163 843 342 892 tionem
368 842 560 892 mollem
599 850 911 905 teneramque
947 839 1237 900 reddidisse,
1273 847 1515 890 oratorem
1553 857 1724 906 parum
1759 839 2110 900 vehementem,
2144 839 2336 890 dulcem
2367 849 2541 901 tamen,
2574 840 2710 891 flori-

162 925 349 976 diorem
401 924 667 990 Hyperide
714 932 763 972 et
797 922 953 987 Lysia
989 922 1145 972 fuisse
1181 922 1417 984 vidimus,
1470 923 1703 973 Demetrii
1752 921 2029 989 eloquentis
2064 922 2268 988 ejusque
2315 921 2509 972 dicendi
2554 938 2709 988 genus

161 1008 282 1058 satis
313 1007 618 1057 describitur.
676 1005 777 1055 Sed
812 1005 876 1054 de
900 1004 1178 1070 eloquentia
1205 1004 1439 1055 Demetrii
1473 1005 1751 1055 accuratius
1776 1005 2017 1054 disserere
2048 1019 2143 1054 uon
2171 1020 2297 1069 opus
2322 1020 2433 1055 esse
2461 1004 2707 1064 existimo,

161 1105 321 1153 neque
355 1104 605 1152 exponere
641 1088 800 1147 lubet,
849 1103 946 1151 quo
992 1088 1098 1136 loco
1139 1087 1267 1137 inter
1305 1086 1512 1152 priorem
1550 1094 1600 1135 et
1635 1086 1953 1150 posteriorem
1996 1086 2319 1151 eloquentiam
2359 1086 2571 1136 Atticam
2611 1087 2709 1136 De-

160 1170 364 1220 metrius
400 1169 676 1234 dignandus
710 1169 791 1228 sit,
825 1168 982 1233 qualis
1020 1168 1129 1232 ipse
1162 1174 1397 1232 appareat
1431 1184 1540 1216 cum
1576 1167 1753 1216 ceteris
1797 1174 2128 1231 comparatus,
2172 1182 2322 1231 quum
2359 1166 2422 1216 de
2459 1167 2709 1218 Demetrio

162 1261 371 1311 oratore,
403 1251 468 1301 de
502 1267 683 1316 genere
717 1248 826 1315 ejus
861 1248 1070 1308 dicendi,
1107 1265 1215 1298 cum
1250 1247 1426 1298 Atticis
1461 1256 1512 1297 et
1550 1247 1726 1313 prioris
1760 1254 1811 1298 et
1848 1247 2131 1313 posterioris
2167 1248 2402 1313 temporis
2437 1249 2710 1299 oratoribus

163 1340 459 1398 comparato,
496 1332 545 1382 iu
576 1331 746 1382 multis
782 1331 940 1391 libris,
976 1331 1058 1395 qui
1096 1329 1402 1394 eloquentiae
1438 1329 1742 1380 Graecorum
1777 1329 2028 1380 historiam
2064 1337 2299 1391 tractant,
2346 1330 2502 1380 fusius
2537 1330 2707 1396 dispu-

160 1424 316 1467 tatum
353 1414 485 1478 sit.¹)

222 1581 258 1631 ⁸)
291 1584 341 1626 cf.
373 1585 659 1627 Westermann
690 1582 932 1625 Geschichte
961 1582 1034 1648 dgr
1066 1581 1380 1624 Beredtsamkeit
1410 1583 1449 1623 in
1480 1582 1772 1625 Griechenland
1801 1582 1882 1625 und
1911 1583 2010 1625 Rom
2039 1582 2109 1624 Th.
2127 1583 2154 1625 l.
2184 1595 2222 1637 p.
2240 1580 2334 1625 160.
2382 1582 2525 1629 „Nicht
2555 1582 2708 1626 minder

294 1656 488 1711 geachtet
518 1656 621 1701 (wie
650 1655 709 1695 sls
738 1654 1028 1696 Schriststeller
1064 1654 1438 1708 philosophischen,
1478 1654 1716 1707 politischeu
1746 1654 1826 1695 und
1853 1652 2271 1695 *wissenschastlichen
2301 1654 2471 1700 Inhalts)
2509 1667 2594 1696 war
2621 1656 2705 1697 De-

294 1728 460 1768 metrius
493 1726 710 1768 Phalereus
741 1726 801 1767 als
831 1725 1005 1767 Redner.
1067 1726 1120 1766 Er
1150 1725 1225 1778 gilt
1253 1726 1475 1777 insgemein
1507 1725 1571 1766 fur
1609 1725 1872 1778 denJ’enigen,
1914 1727 1982 1766 mit
2012 1725 2207 1766 welchem
2241 1725 2306 1767 die
2334 1726 2505 1768 attische
2535 1727 2707 1768 Beredt-

293 1798 464 1840 samkeit
493 1809 544 1838 zu
582 1796 726 1838 sinken
756 1797 938 1850 begann,
980 1796 1060 1837 und
1101 1797 1138 1836 in
1181 1796 1253 1838 der
1281 1796 1381 1837 That
1421 1797 1632 1837 vermisste
1670 1808 1759 1837 man
1798 1797 1861 1838 bei
1899 1797 1978 1837 ihm
2025 1796 2103 1838 den
2133 1796 2360 1838 erhabenen
2400 1798 2605 1850 Schwung
2635 1797 2707 1839 des

294 1868 609 1918 Demosthenes;
653 1868 728 1909 der
767 1867 989 1909 Charakter
1028 1869 1162 1909 seiner
1202 1867 1315 1908 Rede
1354 1880 1440 1908 war
1479 1866 1606 1917 sanl‘t,
1652 1866 1887 1917 weichlich,
1933 1867 2322 1919 einschmeichelnd‚
2366 1870 2451 1909 sein
2491 1869 2707 1910 Ausdruck

295 1942 482 1994 elegant,
522 1939 752 1992 anmuthig,
797 1939 997 1990 bluhend3
1044 1941 1141 1980 aber
1183 1939 1369 1980 dennoch
1401 1939 1498 1979 hielt
1535 1952 1580 1979 er
1609 1939 1715 1979 noch
1756 1939 1827 1979 das
1856 1940 2029 1992 richtige
2064 1940 2189 1981 Mittel
2218 1941 2421 1981 zwischen
2453 1941 2542 1981 dem
2572 1942 2708 1983 Zuviel

291 2012 374 2054 und
401 2013 598 2064 Zuwenig
621 2031 676 2039 —
701 2010 801 2051 kurz
839 2023 885 2051 er
913 2013 966 2051 ist
996 2011 1071 2051 der
1094 2011 1234 2061 letzte,
1275 2011 1453 2052 welcher
1482 2011 1558 2051 den
1588 2011 1739 2052 Namen
1770 2012 1881 2052 eines
1911 2010 2106 2052 attischen
2136 2011 2319 2053 Redners
2348 2013 2570 2054 verdient.“
2634 2014 2705 2054 Vir

293 2085 360 2125 ille
391 2084 537 2125 doctus
568 2093 649 2123 non
679 2081 797 2135 plane
821 2082 940 2131 idem,
972 2082 1082 2134 quod
1108 2082 1252 2123 Cicero
1282 2088 1323 2123 et
1352 2082 1629 2133 Quintilianus,
1661 2082 1712 2123 de
1732 2084 1936 2123 Demetrio
1965 2088 2126 2124 oratore
2157 2085 2337 2124 sensisse
2367 2096 2510 2137 neque,
2543 2085 2706 2138 Judiciis

295 2155 457 2208 quidem
489 2166 629 2196 eorum
659 2153 868 2205 adhibitis,
910 2156 1148 2207 scriptorum
1188 2155 1471 2207 cogitationem
1501 2154 1598 2195 satis
1637 2159 1850 2195 assecutus
1881 2166 2103 2207 eorumque
2139 2155 2384 2196 voluntatem
2416 2157 2705 2209 interpretatus

294 2239 386 2268 esse
417 2226 587 2268 videtur.
647 2227 875 2268 Demetrius
905 2226 1065 2279 quidem
1098 2228 1247 2279 primus
1277 2225 1490 2268 inclinasse
1523 2227 1791 2281 eloquentiam
1821 2240 1844 2268 a
1877 2227 2119 2277 Quintiliano
2151 2225 2220 2274 (Χ.
2254 2228 2283 2269 l.
2315 2227 2428 2280 80.),
2458 2230 2610 2282 primus
2640 2231 2705 2271 in-

291 2299 455 2340 flexisse
484 2299 706 2340 orationem
739 2302 780 2339 et
811 2310 898 2338 eam
929 2297 1086 2339 mollem
1120 2302 1381 2352 teneramque
1410 2298 1639 2340 reddidisse
1667 2312 1690 2339 a
1721 2299 1916 2340 Cicerone
1947 2300 2008 2345 (in
2039 2299 2147 2341 Brut.
2179 2311 2214 2340 c.
2232 2298 2295 2347 9.)
2327 2299 2484 2351 dicitur,
2519 2313 2639 2354 quum
2669 2303 2703 2344 is

291 2382 371 2411 non
401 2374 610 2420 versatus,
647 2374 691 2410 ut
723 2370 778 2410 ait
808 2369 971 2419 Cicero,
1009 2369 1047 2409 in
1079 2370 1255 2410 veritatis
1294 2369 1509 2411 imitandae
1546 2382 1699 2424 genere
1739 2382 1812 2424 pro
1851 2375 2074 2425 temporum
2113 2371 2270 2412 illorum
2311 2372 2465 2413 ratione
2504 2371 2653 2425 primus
2681 2386 2703 2415 a

293 2443 464 2482 veritate
491 2442 668 2495 priorum
700 2447 903 2482 oratorum
945 2441 1177 2492 recederet;
1221 2453 1300 2481 non
1332 2445 1465 2482 autem
1504 2442 1631 2495 ipsum
1671 2442 1836 2496 primum
1869 2441 2080 2484 inclinatae
2122 2431 2379 2496 eloquentiae
2407 2447 2607 2485 oratorem
2638 2444 2703 2486 vel

291 2511 518 2554 habendum
549 2511 613 2553 vel
644 2512 922 2553 nominandum
954 2524 1047 2554 esse
1078 2523 1239 2554 censeo.
1286 2512 1334 2553 ci.
1368 2513 1511 2555 Cicero
1541 2513 1593 2555 de
1623 2518 1786 2555 oratore
1816 2514 1863 2565 ll,
1883 2512 1951 2556 23.
2000 2513 2074 2560 „Et
2102 2515 2140 2566 ii,
2173 2514 2241 2567 qui
2270 2526 2316 2556 se
2345 2514 2395 2556 ad
2426 2526 2569 2558 causas
2600 2527 2703 2558 con-

290 2584 482 2634 tulerunt,
514 2589 558 2625 ut
588 2584 898 2635 Demosthenes,
931 2585 1176 2639 Hyperides,
1209 2585 1442 2639 Lycurgus,
1475 2585 1719 2633 Aeschines,
1751 2585 1974 2626 Dinarchus
2003 2585 2150 2638 aliique
2180 2586 2430 2640 complures,
2463 2592 2504 2629 et
2533 2589 2567 2629 si
2597 2589 2702 2631 inter

290 2669 336 2698 se
366 2668 484 2710 pares
510 2667 589 2697 non
620 2655 794 2707 fuerunt,
826 2661 954 2697 tamen
984 2661 1080 2699 sunt
1101 2668 1243 2698 omnes
1272 2658 1311 2698 in
1340 2656 1484 2698 eodem
1506 2657 1683 2698 veritatis
1703 2656 1916 2698 imitandae
1936 2669 2089 2710 genere
2117 2659 2277 2709 versati,
2310 2670 2480 2712 quorum
2511 2661 2700 2713 quamdiu

291 2729 434 2769 mansit
460 2728 640 2777 imitatio,
672 2726 823 2768 tamdiu
855 2739 982 2779 genus
1012 2728 1109 2769 illud
1142 2728 1300 2769 dicendi
1330 2727 1592 2781 studiumque
1620 2728 1739 2778 vixit3
1780 2732 2040 2781 posteaquam
2074 2729 2283 2770 exstinctis
2313 2729 2374 2771 his
2403 2733 2532 2772 omnis
2561 2742 2698 2772 eorum

291 2799 478 2841 memoris
515 2799 665 2841 sensim
704 2799 919 2840 obscurata
956 2804 1017 2841 est
1054 2805 1095 2841 et
1133 2801 1314 2852 evanuit,
1357 2799 1432 2842 alis
1471 2799 1667 2854 quaedam
1707 2799 1866 2842 dicendi
1904 2804 1945 2842 et
1982 2799 2163 2842 molliora
2202 2813 2250 2843 ac
2288 2803 2518 2844 remissiora
2548 2815 2699 2856 genera

289 2869 517 2923 viguerunt.
574 2842 679 2913 Inde.
704 2867 998 2921 Demochares,
1037 2883 1153 2924 quem
1184 2872 1295 2926 ajunt
1333 2871 1486 2913 sororis
1515 2871 1637 2913 filium
1667 2870 1793 2914 fuisse
1824 2870 2100 2924 Demostheni,
2139 2876 2222 2914 tum
2262 2872 2478 2915 Phalereus
2506 2873 2583 2915 iste
2613 2876 2697 2917 De-

289 2943 460 2984 metrius
490 2943 663 2984 omnium
691 2943 862 2984 istorum
894 2953 983 2983 mea
1012 2944 1208 2986 sententis
1240 2942 1501 2998 politissimus
1539 2943 1686 2998 aliique
1724 2955 1862 2986 eorum
1893 2942 2042 2987 similes
2077 2945 2356 2987 exstiterunt.“
2420 2943 2696 3000 Eloquentiam

288 3016 475 3067 Atticam,
514 3019 726 3069 postquam
757 3016 796 3056 in
827 3014 1102 3057 Demosthene
1135 3016 1184 3058 ad
1211 3028 1407 3059 summum
1438 3016 1641 3071 fastigium
1671 3018 1918 3072 pervenerit,
1956 3017 2142 3073 paulatim
2181 3016 2361 3060 inclinari
2392 3024 2572 3074 coeptam
2603 3031 2696 3062 esse

290 3089 391 3129 inter
415 3098 556 3129 omnes
582 3092 752 3138 constat,
782 3100 916 3142 neque
946 3088 1156 3141 quisquam
1189 3089 1346 3141 dixerit,
1379 3090 1622 3132 Demetrium
1642 3090 1874 3133 Phalereum
1904 3089 2178 3141 Demostheni,
2210 3089 2259 3131 ad
2291 3101 2407 3144 quem
2437 3092 2695 3146 eloquentiae

289 3159 443 3202 Atticae
474 3159 601 3214 palma
634 3161 673 3201 in
704 3161 811 3202 omni
841 3160 996 3203 dicendi
1029 3172 1181 3214 genere
1210 3164 1363 3204 cunctis
1401 3161 1604 3215 suffragiis
1634 3162 1851 3214 referatur,
1892 3164 1930 3204 in
1975 3162 2134 3204 dicendi
2163 3161 2403 3207 sublimitate
2434 3169 2556 3217 atque
2587 3165 2625 3205 in
2658 3167 2695 3207 vi
