2853 3836
1362 148 1462 205 19

1269 282 1409 347 Gap.
1455 281 1542 330 ΧΙ.

1038 380 1129 437 De
1179 378 1468 437 Demetrii
1521 378 1780 454 scriptis.

280 506 581 557 Demetrium
621 505 906 554 Phalereum
943 506 1236 570 scriptorum
1273 502 1586 552 multitudine
1625 502 1858 565 insignem
1905 503 2078 563 fuisse,
2126 504 2266 553 testis
2311 512 2388 554 est
2437 504 2678 568 Diogenes

145 587 372 638 Laertius
415 587 462 636 in
512 586 745 636 Demetrii
793 586 892 636 vita
944 586 999 636 V.
1042 587 1094 637 5.
1136 585 1217 635 8⁰.
1297 582 1484 648 πλήθει
1534 581 1587 630 δὲ
1639 583 1834 641 βιβλίων
1883 584 1962 630 καὶ
2011 585 2213 651 ἀριθμῷ
2265 585 2450 646 στίχων
2500 587 2681 647 σχεδὸν

143 668 367 728 ἅπαντας
403 668 697 736 παρελήλακε
731 670 847 729 τοὺς
881 667 983 717 κατ’
1020 667 1176 717 αὐτὸν
1201 663 1640 732 Περιπατητικοὺς
1674 664 1992 724 εὐπαίδευτος
2026 665 2092 713 ὢν
2125 670 2205 716 καὶ
2240 669 2531 733 πολύπειρος
2566 670 2677 734 παρ’

144 756 381 801 ὁντινοῦν.
459 753 638 803 Suidas
671 771 710 804 s.
748 770 797 802 v.
830 750 1146 816 Δημήτριος.
1203 752 1476 815 συνέγραψε
1524 748 1578 796 δὲ
1626 748 1784 809 συχνὰ
1827 749 2002 807 βιβλία.
2079 750 2518 801 Grammaticorum
2568 769 2679 815 pro-

144 835 440 886 batissimum
478 852 588 885 eum
625 835 840 900 nominat
883 833 1218 882 Tertullianus
1262 833 1309 882 in
1357 832 1675 898 Apologetico
1711 849 1750 880 c.
1792 831 1866 880 18.
1938 831 2110 897 Neque
2149 834 2418 894 Ciceronis,
2463 834 2679 884 subtilis-

143 918 248 967 simi
285 927 335 968 et
368 917 589 967 acerrimi
626 917 688 966 de
724 916 972 965 Demetrio
1008 922 1204 965 oratore
1240 914 1445 981 judicis,
1490 914 1777 964 testimoniis
1812 931 2054 974 caremus,
2091 916 2171 980 qui
2213 916 2508 965 Demetrium
2550 918 2676 967 Pha-

142 1002 324 1051 lereum
361 999 739 1048 eruditissimum
778 998 854 1048 sui
889 997 1121 1063 temporis
1165 998 1320 1047 virum
1366 997 1452 1060 (de
1487 997 1576 1061 leg.
1614 997 1674 1045 ll.
1713 998 1830 1060 26.)‚
1880 998 2125 1047 doctrinae
2172 998 2349 1047 studiis
2384 1008 2433 1047 et
2468 1001 2677 1063 regenda

143 1083 341 1132 civitate
375 1081 641 1147 principem
678 1081 763 1145 (de
793 1081 883 1145 leg.
910 1081 998 1131 ΙΙΙ.
1023 1080 1108 1146 6.),
1144 1080 1340 1129 doctum
1379 1079 1532 1129 virum
1576 1079 1861 1128 Phalereum
1899 1080 1984 1143 (de
2011 1097 2110 1143 rep.
2145 1080 2206 1129 ΙΙ.
2244 1081 2325 1143 1.),
2360 1098 2421 1130 ex
2458 1081 2679 1131 doctrina

142 1164 348 1213 nobilem
384 1171 435 1212 et
473 1165 653 1212 clarum
690 1167 801 1228 (pro
836 1162 1001 1212 Rabir.
1037 1179 1078 1212 c.
1114 1163 1198 1225 9.),
1234 1162 1588 1225 disputatorem
1625 1161 1853 1210 subtilem
1891 1162 1975 1222 (de
1998 1162 2125 1210 offic.
2164 1164 2199 1210 Ι.
2229 1165 2313 1225 1.),
2350 1164 2502 1211 multa
2538 1180 2677 1226 prae-

142 1247 269 1295 clara
304 1246 353 1295 in
389 1245 470 1294 illo
504 1245 782 1294 calamitoso
816 1233 916 1294 otio
953 1244 1038 1308 (de
1055 1244 1136 1293 fin.
1165 1243 1223 1292 V.
1254 1244 1335 1306 19)
1372 1243 1629 1308 scripsisse
1666 1243 1878 1303 tradit1).
1953 1243 2027 1292 Ex
2065 1244 2235 1293 eodem
2268 1245 2521 1294 Ciceronis
2560 1246 2676 1305 loco,

142 1327 222 1392 qui
273 1335 370 1377 tam
422 1326 687 1376 honorifice
746 1327 807 1375 de
866 1326 1097 1376 Demetrii
1158 1326 1353 1391 scriptis
1406 1324 1615 1390 judicat,
1678 1327 1938 1390 plerosque
1996 1326 2143 1375 libros
2201 1344 2336 1387 eum,
2388 1345 2416 1376 a
2469 1329 2677 1392 puhlicis

144 1410 361 1475 negotiis,
399 1410 575 1475 quibus
608 1409 655 1457 in
688 1409 843 1475 patria
883 1411 1003 1457 urbe
1030 1425 1119 1474 per
1153 1408 1321 1457 decem
1357 1424 1509 1456 annos
1537 1407 1733 1455 functus
1764 1416 1883 1465 erat,
1918 1416 2156 1457 remotum
2188 1410 2233 1457 in
2266 1412 2507 1475 Aegypto,
2544 1411 2674 1475 quod

142 1493 261 1542 illud
298 1494 633 1542 calamitosum
668 1494 817 1541 otium
855 1492 972 1540 dicit
1003 1492 1189 1552 Cicero,
1224 1492 1474 1556 scripsisse
1504 1507 1798 1554 cognoscere
1835 1491 1961 1538 licet.
2000 1518 2059 1525 —
2103 1492 2233 1539 Varii
2270 1494 2463 1556 generis
2494 1494 2677 1557 scripta

143 1576 250 1643 ejus
285 1576 453 1636 fuisse,
487 1575 731 1636 historica,
768 1574 975 1639 po‘litica,
1009 1573 1273 1635 rhetorica,
1308 1573 1632 1639 grammatica,
1667 1573 1777 1632 alia,
1810 1573 2052 1637 Diogenes
2081 1572 2367 1639 Laertius2)
2404 1574 2676 1639 docet,·qui

142 1658 349 1709 indicem
399 1658 654 1718 librorum,
700 1673 988 1723 quamquam
1043 1672 1262 1706 mancum
1313 1662 1365 1705 et
1411 1655 1702 1718 vitiosum,³)
1756 1654 1931 1704 litteris
1981 1655 2255 1705 custodivit.
2349 1656 2484 1705 Idem
2532 1657 2677 1706 docet

274 1760 466 1801 orationis
499 1771 632 1812 parem
680 1758 806 1799 fuisse
835 1758 899 1799 vel
929 1771 1043 1808 eum,
1088 1759 1155 1811 qui
1197 1770 1286 1799 cum
1325 1769 1479 1799 summo
1519 1758 1692 1799 omnium
1730 1762 1951 1810 temporum
1992 1763 2151 1799 oratore
2188 1760 2226 1798 in
2260 1759 2334 1799 hac
2371 1771 2416 1799 re
2456 1761 2675 1812 comparari

277 1832 418 1885 possit.
476 1830 555 1872 Sed
586 1830 710 1871 fracta
739 1829 872 1883 populi
903 1829 1105 1880 libertate,
1136 1831 1219 1883 ipsa
1251 1842 1413 1883 quoque
1442 1829 1670 1882 eloquentia
1702 1830 1888 1879 concidit,
1921 1830 2111 1871 libertatis
2142 1832 2253 1871 socia
2284 1835 2324 1872 et
2352 1831 2521 1872 alumna.
2579 1832 2675 1872 Hinc

274 1904 393 1945 etiam
425 1902 521 1943 dicit
549 1902 811 1952 Quintilianus
843 1902 909 1950 (11.
939 1901 980 1943 4.
1010 1900 1101 1947 41.)
1113 1932 1124 1953 ‚
1161 1902 1276 1943 fictas
1308 1901 1357 1943 ad
1387 1902 1642 1943 imitationem
1674 1900 1750 1942 sori
1781 1901 2116 1955 consiliorumqua
2148 1904 2335 1944 materias
2365 1903 2468 1956 apud
2500 1904 2672 1945 Graecos

278 1976 418 2017 dicere
447 1976 554 2016 circa
585 1975 828 2016 Demetrium
859 1973 1091 2016 Phalereum
1122 1975 1342 2016 institutum
1373 1986 1477 2015 esse.
1542 1974 1635 2016 Illas
1665 1979 1794 2014 autem
1824 1975 2092 2015 suasoriarum
2120 1971 2305 2027 [generis
2336 1975 2603 2022 deliberativi)
2633 1980 2673 2018 et

276 2048 639 2089 controversiarum
671 2047 855 2101 (generis
885 2042 1109 2100 Judicialis)
1150 2047 1478 2095 exercitationes,
1517 2058 1616 2100 quas
1646 2058 1666 2086 a
1697 2046 1862 2086 veritate
1892 2046 1995 2086 vitae
2025 2047 2277 2097 aberrantes,
2316 2048 2527 2089 verborum
2558 2060 2674 2089 com-

278 2121 480 2175 positione
509 2107 629 2161 rebus
660 2129 741 2161 non
770 2118 1082 2169 accommodata,
1112 2117 1162 2159 ad
1192 2117 1459 2171 eloquentiam
1491 2117 1819 2170 corrumpendam
1851 2117 2012 2158 multum
2042 2117 2219 2159 valuisse
2248 2123 2417 2169 constat,
2443 2120 2523 2171 jam
2546 2133 2566 2160 a
2592 2122 2674 2161 De-

278 2193 421 2234 metrio
451 2191 540 2245 ipso
571 2190 620 2232 ad
648 2191 817 2245 juvenes
848 2190 888 2231 in
920 2189 1092 2232 dicendo
1121 2188 1364 2231 erudiendos
1392 2189 1587 2231 institutas
1617 2201 1721 2240 esse,
1762 2200 1840 2230 non
1882 2194 1955 2240 est,
1997 2189 2106 2243 quod
2137 2203 2190 2232 ex
2220 2190 2297 2232 hoc
2328 2191 2553 2241 Quintiliani
2584 2192 2674 2234 loco

277 2263 577 2305 concludamus.
638 2264 748 2313 Quae
779 2275 900 2316 quum
929 2263 983 2303 ita
1012 2263 1102 2313 sint,
1132 2263 1374 2304 Demetrium
1406 2262 1650 2312 Phalereum,
1681 2274 1919 2314 quamquam
1945 2264 1994 2304 ab
2021 2262 2306 2305 Alexandrinis
2338 2267 2604 2317 grammaticis
2635 2269 2673 2307 in

276 2337 512 2390 optimorum
543 2336 782 2388 scriptorum
816 2346 1021 2375 numerum
1051 2345 1131 2375 non
1162 2334 1389 2384 redactum,
1421 2345 1492 2386 pro
1521 2346 1653 2374 rerum
1685 2334 1843 2387 quidem
1873 2346 1921 2374 ac
1959 2339 2182 2387 temporum
2213 2338 2519 2377 commutatione
2548 2337 2672 2379 fornia

278 2419 445 2463 quoque
474 2412 515 2450 et
545 2407 681 2448 indole
705 2406 969 2460 eloquentiae,
1001 2406 1129 2460 qualis
1158 2405 1275 2447 fuerit
1304 2407 1479 2459 inprimis
1507 2406 1795 2457 Demosthenis,
1827 2406 1957 2460 aliqua
1987 2419 2041 2447 ex
2071 2412 2185 2460 parte
2215 2412 2376 2458 mutata,
2409 2421 2562 2450 summo
2585 2411 2672 2461 jure

274 2481 380 2521 inter
408 2493 507 2522 vere
535 2480 689 2522 Atticos
719 2483 901 2520 oratores
931 2477 1186 2519 referendum
1218 2491 1310 2519 esse
1340 2478 1477 2519 dicere
1507 2490 1587 2519 non
1618 2490 1773 2520 vereor.
1803 2500 1851 2505 —
1881 2479 2032 2528 Quibus
2062 2484 2196 2520 autem
2228 2485 2406 2521 veterum
2435 2483 2670 2534 scriptorum

276 2552 512 2592 testimoniis
553 2552 663 2592 nisus
705 2550 923 2592 Bernhardi
952 2551 990 2591 in
1021 2550 1111 2591 hist.
1141 2549 1194 2590 lit.
1227 2562 1361 2602 graec.
1391 2549 1420 2591 1.
1453 2562 1489 2603 p.
1521 2548 1615 2591 378.
1657 2552 1895 2592 Demetrium
1934 2563 2068 2604 neque
2107 2552 2284 2593 ultimum
2317 2554 2534 2597 Atticorum
2576 2566 2672 2595 ora-

275 2628 417 2674 torem,
447 2636 580 2676 neque
607 2624 767 2663 omnino
798 2626 996 2663 oratorem
1028 2621 1251 2663 habendum
1282 2635 1374 2663 esse
1404 2622 1649 2664 contendere
1678 2624 1728 2663 sit
1757 2635 1891 2672 ausus,
1924 2623 2110 2677 equidem
2145 2636 2221 2664 non
2251 2625 2441 2677 intelligo.

201 2691 235 2740 ¹)
267 2696 324 2735 De
354 2695 419 2734 fin.
451 2695 497 2734 V.
530 2695 594 2734 19.
640 2695 852 2747 „Princeps
893 2694 1009 2746 hujus
1048 2695 1216 2734 civitatis
1256 2694 1468 2734 Phalereus
1499 2696 1741 2745 Demetrius,
1782 2707 1902 2747 quum
1942 2697 2066 2747 patria
2107 2696 2241 2748 pulsus
2272 2701 2380 2736 esset
2419 2698 2580 2750 injuria,
2622 2700 2672 2739 ad

273 2765 539 2810 Ptolemaeum
569 2777 614 2806 se
642 2777 781 2819 regem
811 2765 1091 2807 Alexandriam
1121 2765 1299 2806 contulit.
1345 2765 1419 2814 Qui
1447 2777 1566 2818 quum
1595 2767 1634 2806 in
1666 2767 1739 2806 hac
1765 2767 1848 2819 ipsa
1874 2766 2138 2822 philosophia,
2169 2767 2216 2807 ad
2246 2779 2362 2820 quam
2386 2772 2426 2808 te
2457 2769 2671 2819 hortamur,

274 2838 495 2879 excelleret
521 2836 868 2895 Theophrastique
896 2841 1009 2877 esset
1038 2836 1206 2893 auditor,
1237 2837 1357 2876 multa
1389 2837 1591 2889 praeclara
1621 2838 1658 2877 in
1690 2837 1756 2877 illo
1788 2838 2021 2879 calamitoso
2052 2841 2132 2879 otio
2162 2840 2334 2891 scripsit,
2367 2851 2445 2879 non
2478 2842 2526 2881 ad
2558 2854 2671 2882 usum

274 2909 445 2963 aliquem
476 2921 603 2958 suum,
637 2919 717 2961 quo
748 2913 835 2948 erat
865 2902 1042 2959 orbatus,
1073 2908 1143 2948 sed
1174 2908 1288 2948 animi
1318 2908 1447 2947 cultus
1477 2907 1542 2948 ille
1572 2913 1657 2948 erat
1689 2910 1724 2949 ei
1757 2912 1882 2962 quasi*
1903 2911 2061 2963 quidam
2093 2910 2345 2951 humanitatis
2377 2912 2528 2952 cibus.“

197 2976 237 3030 ²]
272 2981 317 3021 V.
349 2982 389 3022 5.
423 2980 492 3023 80.
549 2973 605 3018 ὦν
634 2980 712 3017 ἐστι
743 2974 793 3017 τὰ
821 2977 890 3028 μὲν
916 2973 1104 3029 ἱστορικά,
1142 2974 1193 3016 τὰ
1232 2977 1274 3016 δὲ
1303 2974 1500 3024 πολιτικά,
1541 2974 1591 3016 τὰ
1621 2977 1663 3018 δὲ
1692 2981 1778 3029 περὶ
1811 2980 2000 3030 ποιητῶν,
2040 2977 2090 3018 τὰ
2118 2980 2162 3018 δὲ
2191 2978 2389 3032 ῥητορικά,
2429 2981 2675 3034 δημηγοριῶν

273 3065 314 3090 τε
339 3054 403 3090 καὶ
424 3051 648 3104 πρεσβειῶν,
679 3047 779 3090 ἀλλὰ
806 3047 881 3101 μὴν
907 3053 972 3089 καὶ
999 3047 1125 3102 λόγων
1153 3047 1386 3092 Αἰσωπείων
1414 3053 1631 3104 συναγωγαὶ
1661 3055 1726 3092 καὶ
1754 3049 1853 3092 ἄλλα
1882 3053 2007 3092 πλείω.

201 3123 239 3173 ⁸)
272 3128 336 3168 Bis
368 3128 704 3170 commemoratur
732 3127 831 3169 liber
858 3126 942 3175 περὶ
970 3120 1120 3175 νόμωνς
1149 3126 1260 3178 liber,
1291 3129 1358 3181 qui
1388 3127 1601 3181 inscriptus
1631 3133 1693 3169 est
1722 3122 1919 3177 ἀρχόντων
1946 3123 2167 3178 ἀναγραφή,
2199 3129 2282 3169 aliis
2316 3129 2416 3170 locis
2448 3143 2470 3171 a
2495 3132 2676 3186 Diogene

273 3199 473 3251 laudatus,
503 3201 543 3241 in
572 3200 705 3242 indice
735 3199 859 3243 deest.
904 3199 956 3241 cf.
987 3199 1114 3242 Buhle
1144 3199 1194 3241 de
1225 3199 1334 3243 libris
1363 3200 1482 3241 Arist.
1515 3200 1732 3254 deperditis
1764 3202 1803 3241 in
1836 3205 2046 3241 comment.
2079 3202 2219 3241 societ.
2252 3202 2430 3256 Gotting.
2456 3204 2538 3244 XV.
2557 3216 2591 3258 p.
2611 3204 2674 3245 57·

2065 3253 2137 3301 3*
