2853 3836
101 289 170 351 τῷ
215 283 512 350 Πτολεμαίῳ
556 284 860 347 νομοθεσίας
894 283 1070 350 ἦρξεῑ)
1155 285 1365 335 Multum
1411 286 1645 351 temporis
1692 286 1995 338 Demetrium
2043 287 2140 338 illic
2187 297 2422 341 moratum
2473 308 2635 358 regem

104 366 305 418 consilio
337 384 427 417 suo
461 366 722 434 adjuvisse,
756 368 909 419 tradit
945 366 1247 435 Hermippus
1282 367 1412 432 apud
1446 367 1586 433 Diog.
1622 368 1788 421 Laert.
1822 371 1879 424 V.
1905 373 1949 419 5.
1978 371 2059 421 78.
2094 370 2232 420 κάκεῖ
2264 372 2439 436 χρόνον
2472 375 2638 423 ἱκανὸν

103 450 420 515 διατρίβοντα
454 450 801 513 συμβουλεύειν
834 456 901 517 τῷ
936 451 1233 516 Πτολεμαίῳ
1265 450 1363 497 κτλ.
1435 449 1606 515 ltaque
1639 451 1815 502 sactum
1853 463 1952 515 est,
1999 471 2148 520 quum
2190 456 2520 516 Ptolemaeus,
2555 460 2633 523 qui

103 540 154 584 et
187 533 292 601 ipse
327 534 596 584 litterarum
632 534 992 585 amantissimus
1026 540 1158 584 esset
1187 540 1238 582 et
1272 533 1542 587 litterarum
1570 534 1868 585 humanitate
1891 538 2101 597 floreret,
2129 536 2231 604 jam
2268 540 2328 587 ab
2356 540 2635 601 Aristotele,

103 624 158 668 ut
192 618 421 682 Strab02)
457 618 623 679 docet,
664 619 725 668 ad
761 618 809 668 id
856 618 1101 668 excitatus
1136 616 1212 665 vel
1249 614 1474 665 instituto
1509 614 1615 682 ejus
1647 626 1831 678 motus,
1875 628 1930 669 ut
1964 620 2247 672 Demetrius
2286 622 2553 673 Phalereus
2591 625 2634 673 ei

102 700 355 762 suaderet,
400 708 454 752 ut
500 701 649 752 libros
694 703 757 751 de
801 718 951 766 regno
995 717 1053 750 ac
1097 698 1373 765 principatu
1417 698 1627 765 scriptos
1673 710 1977 766 compararet
2020 711 2070 753 et
2116 706 2319 769 legeret,
2368 705 2551 772 quippe
2585 707 2632 756 in

101 783 277 849 quibus
313 784 407 844 illa,
442 801 568 850 quae
602 785 741 834 amici
778 800 975 833 monere
1008 798 1104 832 uon
1138 781 1378 832 auderent
1411 799 1575 847 reges,
1621 779 2021 849 reperirentur.¹)

238 866 537 916 Demetrium
578 868 866 916 Phalereum
904 865 1224 914 bibliothecae
1262 865 1622 914 Alexandrinae
1669 867 1967 931 praesectum
2013 868 2163 917 fuisse
2202 869 2475 921 Ptolemaeo
2516 872 2631 920 Phi-

100 947 327 1014 ladelpho
355 957 604 1013 regnante,
640 949 890 1013 ,Iosephus
925 955 976 998 et
999 948 1264 1012 scriptores
1300 947 1534 997 ecclesiae
1564 947 1856 998 christianae
1889 949 1993 998 fere
2020 967 2188 1000 omnes
2225 952 2482 1001 memoriae
2519 971 2629 1017 pro-

100 1031 344 1079 diderunt.
413 1032 663 1096 Josephus
698 1031 892 1096 quidem
926 1030 974 1080 in
1012 1030 1176 1095 Antiq.
1205 1029 1386 1095 judaic.
1424 1031 1499 1080 lib.
1528 1031 1639 1080 ΧΙΙ.
1668 1048 1705 1080 c.
1735 1033 1831 1092 2⁴)
1870 1032 2086 1082 sontibus
2115 1033 2325 1098 quidem,
2360 1050 2423 1083 ex
2458 1036 2632 1099 quibus

55 1164 60 1167 a
97 1113 339 1174 hauserit,
373 1130 467 1163 non
504 1113 686 1174 allatis,
722 1113 885 1175 tradit,
925 1113 1223 1164 Demetrium
1264 1113 1569 1174 Phalereum,
1604 1113 1844 1178 regiarum
1882 1114 2281 1165 bibliothecarum
2318 1116 2632 1182 praesectum,

97 1195 294 1246 dedisse
327 1214 540 1262 operam,
578 1204 646 1257 ut,
679 1197 718 1246 si
751 1195 853 1246 fieri
892 1203 1071 1262 posset,
1106 1212 1274 1247 omnes
1302 1197 1455 1247 totius
1490 1196 1805 1247 orbislibros
1833 1197 2096 1262 colligeret,
2130 1206 2356 1249 coemens
2391 1207 2633 1265 quotquot

98 1278 375 1345 ubicunque
409 1280 629 1329 audisset
664 1279 858 1344 cognitu
895 1279 1069 1344 dignos
1104 1288 1191 1329 aut
1224 1279 1479 1345 cupiditati
1520 1279 1647 1345 regis
1681 1287 1861 1344 gratos,
1899 1278 2039 1346 cujus
2074 1282 2389 1346 praecipuum
2421 1292 2552 1331 esset
2584 1283 2630 1330 in

96 1363 416 1428 congerendis
451 1363 700 1412 codicibus
734 1363 964 1412 studium.
1038 1361 1262 1411 Eundem
1297 1362 1647 1427 interrogatum
1682 1362 1942 1427 aliquando
1977 1380 2005 1412 a
2037 1380 2166 1427 rege,
2201 1371 2319 1429 quot
2354 1364 2501 1414 millia
2528 1364 2629 1430 jam

97 1454 440 1511 comparasset,
475 1446 682 1507 dixisse,
729 1463 783 1495 se
818 1446 866 1495 in
903 1445 1284 1512 praesentiarum
1320 1445 1501 1495 habere
1536 1444 1727 1494 circiter
1762 1445 1972 1494 ducenta
2008 1446 2178 1506 millia,
2221 1445 2308 1497 sed
2347 1447 2481 1497 brevi
2520 1455 2631 1512 post

96 1530 373 1578 habiturum
410 1530 673 1594 quingenta
709 1528 867 1577 millia.
951 1528 1086 1577 Idem
1122 1517 1367 1578 enarrav‘it
1403 1527 1648 1577 Eusebius
1682 1528 1729 1576 in
1771 1528 2000 1592 Praepar.
2036 1545 2209 1593 evang,
2243 1529 2323 1577 lib.
2362 1530 2497 1579 vm.
2534 1532 2629 1593 2⁵)

95 1621 223 1663 teste
254 1629 373 1662 usus
399 1612 623 1662 Aristaeo
652 1611 715 1661 de
741 1610 1048 1677 judaicarum
1073 1612 1424 1676 scripturarum
1451 1610 1863 1677 interpretatione,
1898 1627 1959 1659 ex
1987 1626 2082 1675 quo
2107 1620 2157 1660 et
2179 1611 2336 1676 ipsum
2360 1612 2629 1678 Josephum

159 1781 193 1830 ¹)
223 1783 356 1825 Verba
385 1780 619 1832 νομοθεσίας
646 1775 739 1830 ἦρξε
768 1781 805 1822 h.
830 1781 855 1822 Ι.
886 1793 966 1822 non
996 1781 1292 1834 interpretanda
1323 1793 1417 1822 esse
1447 1792 1619 1822 censeo:
1650 1780 1807 1829 legibus
1838 1779 2057 1821 condendis
2073 1792 2235 1834 operam
2255 1780 2351 1822 dare
2381 1783 2525 1834 coepit,
2557 1782 2627 1822 scd

228 1858 413 1910 princeps
443 1860 528 1897 erat
558 1855 621 1897 vel
651 1856 796 1909 primas
827 1858 964 1909 partes
995 1855 1156 1895 tenebat
1184 1855 1223 1895 in
1249 1853 1442 1907 rogandis
1472 1866 1519 1895 ac
1549 1853 1724 1895 ferendis
1755 1852 1926 1907 legibus,
1959 1865 2058 1906 quas
2087 1853 2349 1896 libentissime
2378 1867 2453 1896 rex
2470 1856 2507 1895 in
2538 1868 2625 1894 euin

228 1929 438 1970 detulerat.

149 2016 188 2065 ²)
220 2020 363 2066 Strabo
394 2020 493 2061 XIII.
526 2032 563 2059 c.
596 2019 631 2059 1.
663 2020 702 2064 S.
728 2014 796 2059 54.
827 2012 849 2054 ὁ
878 2013 970 2067 γοῦν
995 2011 1264 2065 Ἀριστοτέλης
1290 2009 1361 2064 τὴν
1388 2011 1530 2053 ἑαυτοῦ
1559 2008 1854 2066 (βιβλιοθήκην)
1886 2007 2131 2064 Θεοφράστῳ
2160 2011 2397 2063 παρέδωκεν,
2429 2007 2533 2063 ᾧπερ
2563 2016 2625 2051 καὶ

223 2092 293 2141 τὴν
321 2087 462 2142 σχολὴν
489 2087 660 2136 ἀπέλιπε,
700 2088 870 2140 πρῶτος,
911 2083 967 2126 ὦν
994 2082 1112 2138 ἴσμεν,
1155 2082 1381 2139 συναγαγών
1408 2083 1538 2137 βιβλία
1566 2087 1630 2123 καὶ
1662 2080 1821 2131 διδάξας
1849 2080 1941 2129 τοὺς
1979 2085 2016 2121 ἐν
2044 2079 2237 2135 Αἰγύπτῳ
2275 2082 2456 2135 βασιλέας
2483 2084 2628 2136 βιβλιο·

226 2160 357 2214 θήκης
386 2159 573 2209 σύνταξιν.
1621 2199 1624 2200 ⁷

149 2250 186 2298 ⁸)
218 2250 415 2293 Plutarch.
448 2251 486 2290 in
517 2248 801 2301 apophthegm.
832 2260 919 2298 reg.
949 2247 991 2288 Τ.
1021 2246 1066 2287 ll.
1098 2258 1135 2299 p.
1171 2244 1263 2293 189.
1295 2245 1341 2286 D.
1402 2238 1627 2293 Δημήτριος
1668 2239 1689 2280 ὁ
1722 2238 1925 2291 Φαληρεύς
1955 2239 2190 2291 Πτολεμαίῳ
2229 2239 2288 2288 τῷ
2314 2239 2470 2292 βασιλεῖ
2500 2241 2627 2308 παρῇἶ

222 2337 272 2362 νει
301 2318 352 2361 τά
380 2323 465 2372 περὶ
501 2318 694 2371 βασιλείας
733 2320 796 2357 καὶ
825 2315 1025 2369 ἡγεμονίας
1051 2314 1181 2368 βιβλία
1208 2315 1383 2354 κτᾶσθαι
1419 2317 1483 2354 καὶ
1514 2310 1780 2366 ἀναγινώσκειν
1800 2327 1808 2335 ·
1839 2309 1865 2352 ἆ
1906 2309 1979 2365 γὰρ
2009 2313 2045 2351 οἱ
2075 2312 2178 2365 φίλοι
2217 2318 2295 2357 τοῖς
2333 2311 2550 2363 βασιλεῦσιν
2579 2310 2624 2352 ον’·

223 2392 421 2446 θαρροῦσι
448 2397 660 2444 παραινεῖν,
696 2389 828 2429 ταὶτα
856 2391 893 2428 ἐν
920 2395 1000 2434 τοῖς
1027 2388 1186 2440 βιβλίοις
1214 2389 1435 2440 γέγραπται.
1494 2389 1544 2429 cf.
1576 2388 1689 2429 Diod.
1720 2389 1799 2430 Sic.
1829 2388 1914 2438 XX,
1944 2385 2014 2427 49.

148 2483 185 2532 ι)
215 2487 298 2528 Jos·
329 2489 408 2526 ant,
439 2483 520 2536 jud‚
552 2482 632 2525 XII,
663 2482 702 2523 2,
760 2475 982 2528 Δημήτριος
1020 2475 1042 2516 ὁ
1076 2473 1302 2526 Φαληρεὺς,
1334 2472 1378 2520 ὅς
1415 2469 1463 2539 ἦν
1498 2476 1558 2513 ἐπὶ
1595 2472 1674 2513 τῶν
1708 2471 1973 2524 βιβλιοθηκῶν
2001 2473 2072 2511 τοῦ
2103 2471 2291 2522 βασιλέως
2321 2473 2624 2529 (Philadelphi)7

220 2551 455 2600 σπουδάζων
483 2555 517 2592 εἰ
545 2549 709 2591 δυνατὸν
738 2547 792 2600 εἴη
822 2547 950 2589 πάντα
979 2546 1030 2588 τά
1058 2545 1159 2587 κατὰ
1189 2545 1260 2596 τὴν
1297 2547 1517 2596 οἰκουμένην
1547 2551 1769 2597 συναγαγεῖν
1797 2543 1940 2596 βιβλία,
1982 2546 2047 2583 καὶ
2085 2543 2378 2595 συνωνούμενος,
2416 2541 2453 2584 εἴ
2475 2545 2514 2583 τί
2549 2559 2624 2584 που

219 2624 335 2676 μόνον
374 2622 545 2665 ἀκούσειε
573 2621 748 2673 σπουδῆς
776 2618 882 2670 ἄξιον
909 2617 934 2672 ἢ
964 2618 1040 2672 ἡδὺ
1076 2619 1126 2673 τῇ
1154 2619 1224 2660 τοῦ
1254 2618 1443 2672 βασιλέως
1484 2618 1725 2670 προαιρέσει,
1766 2613 1938 2667 μάλιστα
1976 2613 2050 2668 γὰρ
2090 2618 2177 2667 περὶ
2214 2614 2284 2665 τήν
2321 2613 2508 2667 συλλογὴν
2547 2615 2627 2654 τῶν

221 2698 377 2751 βιβλίων
405 2694 477 2750 εἶχε
515 2693 746 2749 φιλοκάλως,
788 2690 1074 2747 συνηγωνίζετο·
1102 2692 1281 2744 ἐρομένου
1310 2692 1353 2731 δὲ
1382 2688 1502 2731 αὐτόν
1528 2704 1623 2730 ποτε
1652 2689 1722 2729 τοῦ
1753 2688 2027 2739 Πτολεμαίου,
2066 2685 2191 2732 πόσας
2218 2685 2294 2737 ἤδη
2332 2685 2524 2738 μυριάδας
2554 2687 2624 2739 ἔχει

221 2771 499 2823 συνειλεγμένας
526 2768 696 2820 βιβλίων,
726 2768 807 2808 τῶν
834 2768 903 2819 μὲν
931 2762 1183 2818 ὑπαρχόντων
1210 2761 1301 2804 εἶναι
1322 2766 1408 2816 περὶ
1436 2760 1565 2810 εἴκοσι,
1595 2761 1723 2814 ὀλίγου
1755 2762 1798 2800 δὲ
1822 2758 1976 2814 χρόνου,
2005 2763 2056 2805 εἰς
2086 2757 2318 2810 πεντήκοντα
2346 2761 2624 2812 συναθροίσειν.

148 2862 183 2911 ⁵)
214 2865 307 2905 Eus.
337 2874 458 2917 praep.
487 2873 631 2913 evang.
664 2860 762 2901 VIII.
791 2860 829 2900 2.
861 2856 1128 2899 κατασταθεὶς
1155 2855 1216 2893 ἐπὶ
1243 2852 1313 2903 τῆς
1338 2852 1410 2892 τοῦ
1438 2850 1629 2904 βασιλέως
1656 2846 1916 2903 βιβλιοθήκης
1935 2847 2155 2901 Δημήτριος
2185 2847 2206 2887 ὁ
2227 2847 2432 2900 Φαληρεὺς
2461 2851 2623 2900 ἐχρημα-

221 2933 342 2985 τίσθη
371 2928 496 2973 πολλοὶ
526 2927 711 2983 διάφορα,
739 2926 838 2980 πρὸς
865 2926 912 2969 τὸ
941 2932 1161 2980 συναγαγεῖν
1189 2921 1345 2966 ἅπαντα
1372 2922 1424 2965 τά
1451 2920 1554 2964 κατὰ
1582 2921 1653 2975 τὴν
1681 2924 1902 2974 οἰκουμένην
1928 2922 2070 2975 βιβλία,
2110 2923 2175 2960 καὶ
2203 2918 2427 2971 παυόμενος
2453 2918 2625 2972 ἀγορασ-

222 3003 318 3055 μοὺς
346 3008 410 3044 καὶ
437 2999 704 3056 μεταγραφοὶς,
743 3004 802 3041 ἐπὶ
827 3000 937 3046 τέλος
960 2997 1112 3053 ἢγαγεν,
1151 2994 1243 3039 ὅσον
1271 2996 1328 3051 ἐφ’
1358 2997 1483 3047 ἐαυτῷ
1513 2995 1584 3048 τὴν
1611 2997 1683 3037 τοῦ
1712 2996 1902 3049 βασιλέως
1926 2992 2136 3047 πρόθεσιν·
2175 2991 2380 3045 παρόντων
2407 2988 2475 3031 οὖν
2501 2991 2625 3042 ἡμῶν,

221 3080 434 3127 ἐρωτηθεὶς
461 3074 580 3116 πόσαι
608 3076 703 3120 τινὲς
730 3070 909 3125 μυριάδες
937 3069 1164 3124 τυγχάνουσι
1192 3070 1363 3124 βιβλίων,
1397 3067 1507 3119 εἶπεν,
1545 3068 1642 3122 ὑπὲρ
1671 3066 1744 3115 τοὶς
1772 3065 1899 3115 εἴκοσι,
1926 3065 2105 3119 βασιλεῦ
2136 3063 2350 3106 σπουδάσω
2378 3062 2414 3102 δ’
2442 3067 2481 3104 ἐν
2510 3063 2625 3116 ὀλίγῳ

222 3144 347 3200 χρόνῳ
385 3145 485 3198 πρὸς
533 3146 580 3187 τὸ
619 3144 876 3200 πληρωθῆναι
916 3141 1153 3196 πεντήκοντα
1203 3141 1393 3197 μυριάδας
1440 3140 1491 3182 τὰ
1538 3139 1664 3182 λοιπά.
1722 3143 1771 3184 cf.
1805 3141 2063 3183 Valckenaer.
2094 3142 2133 3182 in
2168 3140 2334 3181 diatriba
2365 3138 2416 3180 de
2446 3140 2622 3180 Ariston.

221 3222 378 3273 ,Iudaeo
410 3232 446 3273 p.
478 3219 544 3262 57.
2019 3262 2086 3313 μ·
