2853 3836
1348 187 1449 245 12

124 332 370 383 Eusebius
408 330 578 396 (Xlll,
616 329 701 393 12)
735 320 858 392 ipse,
893 326 975 391 qui
1015 326 1255 391 integram
1293 324 1563 376 bibliorum·
1587 317 2168 374 versionem-Ptolemaei
2207 322 2514 392 Philadelphi
2548 331 2672 382 tem·

122 434 240 482 pore
278 403 542 482 praecipua
577 409 813 461 Demetrii
853 409 1076 459 Phalerei
1108 416 1264 460 totum
1299 408 1545 474 negotium
1581 405 1878 457 moderantis
1913 423 2069 472 opera*
2094 414 2316 458 exortam
2348 423 2461 458 ease
2496 415 2673 468 narrat,

120 500 340 564 singulas
365 505 530 563 partes
558 502 610 545 et
639 494 789 545 Mosis
816 491 1013 557 quidem
1041 492 1189 541 libros
1209 491 1312 559 jam
1330 492 1472 563 prius
1498 506 1672 556 graece
1695 506 1960 540 conversas
1992 490 2146 546 fuisse
2171 490 2452 541 Aristobulo
2476 500 2674 543 auctore

122 581 364 649 prodidit3
417 578 550 645 quod
599 576 807 627 eundem
850 575 1186 624 Aristobulum
1222 573 1440 640 ejusdem
1479 574 1549 623 rei
1587 580 1757 622 testem
1795 572 2013 622 laudavit
2048 574 2275 623 Clemens
2316 573 2675 623 Alexandrinus

123 665 150 713 l
183 665 210 712 l.
266 663 378 713 Has
415 662 571 711 varias
607 666 659 708 et
702 658 1044 724 discrepantes
1080 657 1208 707 inter
1251 673 1305 705 se
1348 655 1644 721 scriptorum
1694 654 1963 705 sententias
2001 653 2068 703 ita
2118 644 2359 705 tollendas
2396 663 2447 706 et
2480 656 2674 729 solven-

121 747 211 796 das
259 763 370 796 esse
411 743 662 803 existimo,
710 750 767 791 ut
810 739 911 805 jam
954 740 1284 789 Ptolemaeum
1329 737 1558 803 primum,
1604 753 1747 802 quem
1797 713 2046 787 Demetrio
2096 737 2333 806 Phalereo
2381 745 2583 799 auctore
2625 745 2676 789 et

121 846 322 879 suasore
365 825 706 876 bibliothecam
744 822 1013 873 instituisse
1049 813 1253 886 eamque
1301 820 1467 871 multis
1504 819 1831 873 voluminibus
1867 819 2072 871 coemtis
2103 819 2305 887 auxisse
2350 821 2675 895 probavimus

121 914 180 960 ab
212 909 386 958 eodem
422 908 687 975 impulsum
723 905 941 969 singulas
976 920 1225 952 sacrorum
1263 902 1518 952 bibliorum
1557 911 1723 968 partes
1758 919 1931 968 graece
1968 884 2363 967 interpretandas
2398 904 2675 965 curavisse;

119 994 360 1059 integram
397 1001 560 1040 autem
597 989 811 1038 omnium
849 987 1105 1036 bibliorum
1143 986 1430 1046 versionem,
1468 1002 1559 1052 per
1587 985 1897 1051 septuaginta
1935 985 2059 1035 duos
2085 985 2378 1051 interpretes
2413 985 2675 1051 perfectam

121 1087 172 1127 et
206 1076 500 1134 absolutam,
547 1072 883 1122 Ptolemaeum
923 1069 1300 1135 Philadelphum
1347 1068 1495 1134 idque
1530 1069 1690 1134 ipsum
1727 1067 1944 1134 ejusdem
1994 1068 2228 1118 Demetrii
2269 1068 2494 1119 Phalerei
2528 1080 2677 1134 opera

119 1157 394 1208 instituisse
430 1171 693 1206 sumamus.

260 1239 411 1290 iidem
459 1244 623 1288 autem
674 1236 767 1287 viri
817 1235 974 1297 docti,
1024 1236 1107 1301 qui
1156 1232 1457 1284 Demetrium
1512 1232 1800 1282 Phalereum
1857 1232 2137 1282 Ptolemaeo
2191 1232 2512 1299 Philadelpho
2564 1251 2678 1301 rege

123 1323 446 1374 bibliothecae
483 1320 850 1372 Alexandrinae
887 1318 1162 1385 praefuisse
1198 1323 1402 1382 negant,
1449 1332 1608 1382 neque
1645 1315 1895 1376 Aristaeo,
1942 1332 2101 1382 neque
2135 1317 2215 1383 qui
2267 1324 2376 1382 post
2412 1333 2522 1366 eum
2558 1318 2676 1367 scri-

123 1414 330 1471 pserunt
364 1404 428 1455 de
455 1403 710 1454 Demetrio
749 1402 989 1451 Phalereo
1025 1415 1275 1450 sacrorum
1304 1399 1535 1449 librorum
1569 1399 1974 1465 interpretatione
2010 1407 2319 1471 procurante,
2356 1399 2501 1449 fidem
2532 1401 2676 1451 ullam

123 1489 396 1540 habendam
433 1504 540 1538 esse
577 1492 795 1536 censent.
867 1482 1180 1534 Humfredus
1219 1480 1426 1543 Hodius‚
1467 1497 1674 1547 quocum
1712 1481 1955 1533 consentit
1978 1481 2144 1533 Sturz.
2169 1482 2229 1532 de
2265 1481 2473 1533 dialecto
2513 1482 2676 1534 Mace-

124 1573 296 1624 donica
327 1581 377 1622 et
416 1568 747 1621 Alexandrina
775 1586 818 1634 p.
846 1568 909 1628 3„
946 1566 1213 1617 Wowerus
1247 1565 1296 1617 in
1327 1572 1637 1631 syntagmate
1673 1564 1735 1615 de
1770 1581 1943 1631 graeca
1974 1572 2025 1615 et
2058 1565 2202 1616 latina
2236 1567 2490 1617 bibliorum
2528 1567 2677 1617 inter-

125 1656 414 1723 pretatione,
447 1654 593 1718 alii,¹)
629 1651 712 1717 qui
761 1668 928 1699 eorum
964 1649 1236 1698 sententias
1281 1657 1398 1696 sunt
1434 1648 1615 1707 secuti,
1666 1664 1728 1696 ex
1776 1648 1976 1696 historia
2016 1649 2252 1713 temporis
2291 1658 2459 1714 patere
2495 1648 2678 1719 dicunt,

121 1739 340 1788 Judaeos
386 1735 806 1801 interpretationis
853 1733 1335 1799 graecaelihrorum
1385 1748 1634 1781 sacrorum
1685 1731 2020 1795 procurandae
2069 1749 2158 1781 sua
2202 1740 2380 1796 sponte
2427 1732 2677 1782 consilium

124 1820 332 1887 cepisse,
366 1817 760 1887 quandoquidem
786 1815 964 1865 sudaei
996 1814 1327 1863 Alexandriae
1359 1814 1595 1875 viventes,
1632 1814 1792 1880 lingua
1830 1830 1920 1862 sua
1945 1814 2181 1879 neglecta,
2217 1815 2424 1880 linguam
2458 1833 2678 1880 graecam

125 1903 429 1962 didicissent,
467 1916 627 1966 neque
665 1899 790 1949 adeo
828 1901 990 1962 legere
1025 1913 1193 1946 omnes
1229 1906 1278 1946 et
1307 1897 1578 1962 intelligere
1609 1897 1885 1961 potuissent
1923 1897 2068 1945 libros
2103 1913 2219 1946 suos
2255 1914 2419 1947 sacros
2457 1899 2680 1948 hebraice

124 1986 348 2052 scriptos.
417 1985 526 2033 Jam
569 1981 947 2031 Valckenaerius
983 1980 1029 2029 in
1068 1979 1563 2041 eorum—sententiam
1601 1980 1665 2028 ita
1703 1979 1981 2044 respondit:
2025 1980 2156 2045 „Qui
2194 1981 2379 2030 tamdiu
2414 1998 2552 2030 sacra
2589 1983 2678 2031 sibi

125 2071 281 2136 patria
319 2069 558 2125 fecerunt,
594 2066 778 2129 absque
815 2064 1109 2112 vernaculae
1143 2080 1394 2112 sacrorum
1432 2062 1662 2111 librorum
1705 2061 1936 2110 versionis
1973 2061 2265 2127 adjumento,
2302 2064 2382 2128 qui
2420 2064 2564 2114 hodie
2601 2065 2679 2114 illa

190 2236 223 2283 ¹)
256 2237 440 2279 Profecto
470 2235 584 2277 multi
613 2239 729 2285 sunt,
770 2234 837 2287 qui
867 2234 1029 2274 omnino
1059 2234 1218 2274 Aristaei
1251 2228 1392 2273 librum
1426 2232 1477 2273 de
1507 2233 1835 2286 interpretatione
1866 2236 2010 2274 veteris
2044 2236 2267 2275 testamenti
2298 2235 2346 2276 ab
2377 2247 2438 2285 e0‚
2478 2234 2528 2277 ad
2561 2249 2679 2290 quem

260 2310 476 2358 reseratur,
514 2309 789 2360 conscriptum
821 2319 916 2348 esse
946 2310 1142 2359 negantes
1181 2306 1385 2347 historiam
1424 2305 1528 2347 Lxx
1559 2307 1818 2360 interpretum
1850 2307 2008 2349 Arislaei
2040 2308 2201 2350 nomine
2230 2308 2456 2362 inscriptam
2486 2323 2509 2351 a
2538 2309 2679 2352 Judaeo

259 2382 436 2436 quodam
466 2380 517 2422 ad
547 2382 827 2422 auctoritatem
859 2379 1035 2421 versioni
1053 2389 1243 2432 ‘graecae
1271 2378 1562 2420 conciliandam
1602 2378 1812 2421 confictam
1852 2392 1945 2421 esse
1975 2380 2164 2433 probent,
2205 2385 2248 2422 ut
2286 2393 2361 2423 van
2392 2381 2491 2424 Dale
2521 2382 2678 2425 dissert.

260 2468 383 2508 super
422 2454 583 2495 Aristeu
623 2452 673 2493 de
710 2452 813 2494 LXX
853 2451 1152 2505 interpretibus.
1195 2453 1322 2492 Amst.
1364 2448 1496 2501 1705,
1526 2449 1595 2501 4.;
1641 2450 1881 2493 Humfredus
1931 2451 2049 2506 llody
2086 2456 2226 2494 contra
2264 2451 2468 2495 historiam
2508 2454 2680 2497 Aristeae

260 2528 312 2569 do
342 2526 448 2568 Lxx
476 2525 760 2577 interpretibus
794 2524 1028 2566 dissertatio
1062 2521 1183 2572 ¹684,
1214 2522 1266 2572 ὃς
1312 2522 1364 2565 de
1393 2522 1604 2566 bibliorum
1637 2524 1811 2566 textibus
1842 2524 2124 2578 originalibus,
2169 2525 2420 2567 versionibus
2452 2528 2609 2578 graecis,
2641 2533 2680 2569 et

261 2600 384 2642 latina
415 2598 579 2652 vulgata
611 2596 699 2638 libri
730 2598 791 2637 lV.
863 2598 890 2638 1.
940 2597 1089 2638 Contrn
1120 2596 1325 2637 historiam
1355 2596 1461 2638 Lxx
1489 2597 1749 2649 interpretum
1781 2597 1955 2638 Aristeae
1994 2598 2154 2638 nomine
2183 2597 2409 2651 inscriptam
2440 2599 2679 2650 dissertatio,

260 2683 339 2727 qua
370 2672 564 2725 probatur
592 2682 617 2709 a
645 2670 787 2710 Judaeo
817 2669 990 2722 quodam
1025 2669 1151 2708 luisse
1179 2669 1414 2719 confictam,
1452 2656 1494 2708 et
1521 2668 1575 2709 ls.
1606 2669 1739 2708 vossii
1778 2668 2029 2722 aliorumque
2071 2669 2282 2709 doctorum
2323 2672 2496 2711 virorum
2536 2673 2681 2712 desen-

260 2746 395 2784 siones
433 2743 618 2795 ejusdem
648 2741 700 2781 ad
730 2753 898 2780 examen
927 2746 1181 2781 revocantur.
1241 2740 1289 2781 11.
1335 2742 1394 2781 De
1424 2742 1619 2781 versionis
1659 2741 1763 2781 Lxx
1792 2742 2052 2794 interpretum
2088 2744 2318 2783 auctoribus
2360 2746 2467 2784 veris
2510 2757 2680 2797 eamque

263 2816 500 2856 conficiendi
540 2820 746 2867 tempore,
786 2809 906 2852 'modo
945 2820 982 2852 et
1020 2815 1189 2855 ratione.
1258 2814 1325 2854 ΙΙΙ.
1372 2814 1546 2854 Historia
1585 2813 1827 2854 scholastica
1868 2819 2051 2855 textuum
2102 2815 2352 2868 originalium
2399 2816 2681 2869 versionisque

262 2898 409 2942 grecie
436 2886 544 2928 Lxx
574 2886 694 2926 dictae
725 2890 766 2925 et
796 2884 928 2924 latinoe
957 2885 1140 2938 vulgate.
1199 2886 1265 2926 tv.
1311 2887 1372 2927 De
1400 2886 1549 2927 ceteris
1581 2886 1728 2938 grecis
1756 2886 2020 2927 versionibus,
2050 2906 2106 2915 —
2130 2887 2276 2940 Neque
2305 2898 2404 2927 vero
2432 2886 2578 2928 desunt
2607 2889 2679 2929 viri

260 2958 392 3007 docti,
430 2959 501 3009 qui
534 2959 584 2998 ab
627 2959 675 2998 iis
707 2956 976 3004 dissidentes,
1013 2958 1169 2999 Aristoei
1198 2958 1438 3000 auctoritate
1476 2962 1519 3000 et
1549 2957 1631 3000 tide
1668 2962 1909 3008 sustentata,
1953 2960 2111 3001 Aristaei
2150 2960 2294 3000 librum
2334 2960 2550 3011 genuinum
2588 2974 2679 3003 esse

259 3032 510 3084 argumentis
539 3030 885 3078 confirmaverint,
929 3033 971 3068 ut
1000 3034 1141 3079 praeter
1171 3043 1264 3081 eos,
1295 3043 1401 3082 quos
1428 3044 1549 3083 supra
1579 3030 1771 3080 diximus,
1803 3030 2060 3073 Montt'aucon
2091 3031 2143 3073 de
2172 3032 2342 3073 Aristeae
2371 3032 2678 3086 exemplaribus,

260 3116 350 3155 quo
379 3114 501 3145 nunc·
515 3109 687 3152 exstant,
719 3103 929 3154 genuinis;
961 3101 1189 3156 Humphrey
1220 3104 1440 3146 Prideaux:
1474 3103 1541 3145 the
1569 3109 1744 3144 account
1772 3105 1819 3145 ot*
1843 3106 2023 3146 Aristeas
2053 3104 2098 3144 or
2119 3104 2186 3145 the
2207 3106 2442 3158 Septuagint
2465 3105 2681 3157 consuted3

260 3174 563 3216 Rosenmuller:
611 3177 711 3215 uber
753 3176 820 3215 die
857 3172 1072 3215 Aechlheit
1113 3172 1186 3214 der
1218 3174 1368 3216 Seium
1406 3175 1480 3216 des
1519 3176 1726 3226 Aristeas3
1770 3175 1984 3217 Whiston:
2026 3190 2048 3217 a
2079 3176 2194 3227 large
2223 3177 2444 3229 appendix,
2485 3182 2527 3218 to
2558 3191 2682 3230 prove

264 3246 347 3286 that
367 3244 582 3288 Aristeas's
613 3247 770 3300 history
801 3246 848 3286 οἳ
872 3246 939 3287 the
966 3248 1128 3287 version
1159 3246 1206 3287 of
1229 3248 1297 3289 the
1319 3248 1566 3290 Pentateucb
1598 3250 1650 3301 by
1682 3249 1749 3290 the
1768 3247 1821 3288 72
1853 3251 2126 3301 interpreters,
2155 3251 2233 3290 still
2264 3256 2412 3300 extant,
2443 3252 2477 3291 is
2498 3253 2684 3303 genuine.
