2853 3836
1380 251 1435 304 S

105 389 275 441 minari
313 388 638 439 bibliothecae
673 392 921 435 auctorem
954 383 1377 448 conditoremque,
1415 398 1564 449 quum
1603 381 1910 447 praesertim,
1946 380 2046 431 fllio
2079 379 2215 446 regni
2250 382 2384 433 sorio
2419 381 2662 450 adjuncto,

104 478 315 538 uterque
352 488 447 522 una
486 479 711 536 regnaret
747 468 941 518 biennio
976 476 1094 517 ante
1130 467 1316 516 obitum
1350 458 1614 515 Ptolemaei
1647 464 1813 529 primi3
1865 463 1956 514 nisi
1993 464 2197 514 alterum
2236 462 2573 517 bibliothecam
2609 463 2660 517 in

100 552 345 614 Bruchio,
395 554 604 603 alterum
655 552 997 601 bibliothecam
1045 550 1095 600 in
1146 551 1363 614 Serapeo
1416 548 1731 597 constitutam
1782 547 2063 597 condidisse
2113 545 2387 613 conjectare
2439 548 2658 600 velimus.

101 636 368 688 Christiani
406 654 526 687 vero
560 635 850 701 scriptores,
898 634 982 700 qui
1017 632 1067 683 id
1106 632 1316 683 maxime
1350 633 1585 696 agebant,
1631 638 1687 679 ut
1722 630 1985 679 memoriae
2023 630 2289 696 proderent
2333 646 2443 679 eum
2480 646 2658 696 regem,

102 735 246 784 quem
285 720 435 769 libros
462 734 632 781 ‘sacros
668 733 844 783 graece
879 714 1276 782 interpretandos
1313 713 1565 764 curavisse
1600 711 1842 770 sciebant,
1880 713 2103 777 neglecto
2142 713 2421 763 Ptolemaeo
2460 712 2659 779 Lagide,

101 802 288 866 quippe
321 802 425 865 qui,
474 799 759 864 priusquam
798 807 1026 862 suscepta
1071 813 1148 844 res
1185 795 1401 859 perl'ecta
1438 801 1596 853 esset,
1643 801 1936 852 moreretur,
1985 794 2145 843 omnia
2180 796 2378 844 consilia
2415 813 2563 861 quum
2596 796 2656 844 sd

102 882 445 932 bibliothecam
479 881 781 931 condendam
820 888 920 929 tum
963 877 1026 928 ad
1063 893 1285 943 graecam
1324 875 1452 925 illam
1493 892 1743 925 sacrorum
1781 875 2012 924 librorum
2062 875 2335 924 versionem
2372 877 2659 943 spectantia,

102 963 147 1012 ei
178 963 267 1013 soli
292 965 539 1013 ascribere
556 980 650 1012 non
679 962 981 1019 dubitabant,
1016 977 1159 1025 quem
1183 959 1395 1008 maxime
1422 959 1483 1008 ad
1512 958 1879 1009 florentissimas
1909 959 2225 1009 bibliothecas
2245 961 2495 1025 augendas
2512 969 2660 1026 atque

103 1046 416 1096 exornandes
463 1045 720 1110 plurimum
769 1042 1038 1095 contulisse
1081 1050 1133 1092 et
1178 1058 1280 1093 rem
1333 1041 1581 1092 Demetrio
1625 1048 1842 1091 auctore*
1869 1057 1897 1089 a
1938 1041 2217 1091 Ptolemaeo
2262 1041 2417 1107 primo
2462 1042 2657 1106 quidem

105 1140 327 1194 coeptam
368 1127 635 1193 perfecisse
671 1126 919 1193 cognitum
960 1125 1218 1176 habebant.
1254 1154 1320 1162 —

245 1211 396 1259 iidem
431 1210 712 1275 scriptores,
754 1208 1024 1268 Aristaeus,
1065 1208 1386 1267 Aristobulus,
1420 1207 1671 1272 Josephus
1699 1214 1749 1257 et
1772 1207 2037 1274 scriptores
2061 1208 2309 1257 christiani
2346 1210 2447 1258 fere
2478 1225 2659 1270 omnes,

105 1295 482 1360 praecedentem
528 1292 736 1357 quisque
774 1300 1002 1351 secutus,
1051 1291 1131 1355 qui
1182 1289 1481 1339 Demetrium
1533 1290 1847 1351 phalereum,
1894 1291 2174 1341 Ptolemaeo
2215 1291 2533 1358 Philadelpho
2580 1309 2658 1342 re-

102 1385 297 1443 gnante,
336 1376 658 1424 bibliothecae
687 1375 1047 1423 Alexandrinae
1084 1374 1385 1438 praesectum
1425 1372 1575 1421 fuisse
1611 1372 1828 1431 tradunt,
1865 1390 1924 1422 eo
1960 1381 2193 1438 tempore,
2229 1390 2331 1438 quo·
2360 1374 2451 1424 hoc
2489 1374 2656 1424 biblio-

104 1459 309 1509 thecarii
345 1474 547 1507 munere
585 1459 894 1524 fungeretur,
941 1457 1171 1520 librorum
1210 1472 1457 1504 sacrorum
1494 1455 1946 1519 interpretationem
1982 1455 2190 1505 eundem
2238 1456 2487 1506 curavisse
2523 1456 2657 1506 affir-

104 1548 250 1592 mant.
325 1541 497 1607 Neque
532 1542 678 1590 etiam
718 1556 818 1602 res,
864 1556 990 1606 quae
1026 1548 1270 1599 narratur,
1309 1540 1569 1604 quidquam
1607 1538 1776 1596 habet,
1818 1538 1946 1602 quod
1981 1557 2005 1585 a
2045 1538 2146 1587 veri
2182 1539 2344 1601 specie
2383 1539 2654 1589 abhorreat.

104 1622 230 1674 Nam
279 1639 403 1689 quae
449 1623 777 1688 Hermippum
826 1623 888 1672 de
933 1623 1071 1683 odio,
1123 1638 1219 1687 quo
1269 1623 1578 1668 Ptolemaeus
1629 1621 1978 1684 Philadelphus
2028 1622 2326 1670 Demetrium
2368 1622 2656 1672 Phalereum

105 1715 402 1772 prosecutus
439 1706 516 1765 sit,
556 1706 830 1770 prodidisse
863 1720 1013 1770 supra
1052 1705 1550 1763 commemoravimus,
1586 1719 1696 1750 cum
1734 1703 1807 1761 iis,
1841 1720 1967 1768 quae
2011 1715 2274 1752 narrantur
2311 1706 2372 1752 de
2412 1704 2657 1753 Demetrio

103 1788 255 1839 libros
291 1804 459 1837 sacros
493 1804 668 1851 graece
714 1786 1109 1851 interpretandos
1148 1795 1466 1850 procurante,
1517 1786 1713 1833 minime
1762 1802 1978 1850 pugnare
2014 1804 2162 1849 supra
2200 1788 2655 1843 demonstravimus,

104 1887 251 1936 quum
289 1870 493 1919 eandem
533 1886 633 1918 rem
675 1868 908 1918 Demetrii
950 1868 1172 1917 Phalerei
1212 1884 1328 1917 cura
1366 1868 1606 1933 inceptam
1643 1884 1750 1916 esse
1784 1877 2058 1916 statuamus
2088 1869 2257 1917 ultimo
2295 1871 2426 1934 regni
2467 1870 2657 1919 biennio

108 1952 380 2002 Ptolemaei
418 1950 567 2015 Lagi,
613 1950 937 2015 Philadelpho
988 1966 1015 1998 a
1053 1958 1192 2014 patre
1238 1950 1285 1997 in
1333 1950 1467 2013 regni
1512 1949 1794 1998 societatem
1826 1948 1926 2014 jam
1973 1951 2182 2009 adscito,
2229 1953 2493 2016 perfectam
2541 1970 2658 2001 vero

106 2042 220 2100 post
257 2033 415 2099 patris
447 2033 657 2090 obitum,
705 2047 814 2079 cum
856 2031 1212 2095 Philadelphus
1257 2032 1390 2079 solus
1440 2047 1643 2096 regnare
1686 2032 1945 2096 coepisset.
2020 2033 2189 2097 ltaque
2232 2034 2384 2092 idem,
2430 2035 2558 2098 quod
2597 2036 2658 2082 de

104 2115 433 2181 Philadelpho
475 2113 738 2162 memoriae
786 2112 1096 2178 prodideriut
1140 2114 1408 2177 scriptores
1455 2113 1727 2173 christiani,
1766 2112 1867 2178 jam
1918 2114 2197 2163 Ptolemaeo
2242 2125 2376 2179 patre
2426 2127 2658 2180 regnante

103 2199 357 2265 inceptum
396 2213 505 2246 esse
539 2194 815 2262 conjectare
851 2195 1021 2254 ausim,
1058 2212 1210 2260 quare
1247 2212 1341 2244 non
1379 2213 1488 2244 esse
1523 2196 1770 2255 existimo,
1815 2197 1944 2262 quod
1984 2207 2184 2262 propter
2218 2199 2408 2258 odium,
2445 2199 2490 2247 in
2526 2202 2655 2264 quod

105 2281 389 2333 Demetrius
426 2289 534 2344 post
580 2279 843 2328 Ptolemaei
880 2280 1022 2329 amici
1059 2289 1260 2329 mortem
1298 2279 1442 2328 aulici
1478 2280 1839 2330 calumniatoris
1875 2281 2076 2341 indicio,
2123 2282 2398 2331 auctoritati
2439 2283 2657 2344 sortasse,

103 2381 199 2431 qua
240 2362 523 2413 Demetrius
558 2362 689 2427 apud
728 2361 879 2410 filium
917 2378 1009 2410 non
1050 2363 1207 2411 minus
1242 2363 1448 2411 florebat
1483 2379 1625 2427 quam
1665 2363 1796 2431 apud
1835 2372 2036 2427 patrem,
2073 2364 2249 2422 invidi,
2287 2365 2526 2425 inciderit,
2561 2367 2657 2415 illis

104 2447 428 2512 scriptoribus
464 2461 652 2494 omnem
692 2444 838 2493 fidem
875 2448 1182 2509 abrogemus.
1257 2446 1328 2494 lta
1364 2444 1461 2493 fide
1497 2445 1659 2494 habita
1699 2445 1958 2511 Hermippi
1995 2462 2190 2511 quoque
2223 2448 2498 2508 narrationi,
2535 2458 2657 2497 tem-

104 2546 222 2596 pus,
259 2545 355 2594 quo
396 2527 674 2577 Demetrius
708 2544 735 2576 a
776 2527 1100 2591 Philadelpho
1136 2528 1427 2575 inclemente
1462 2537 1609 2592 atque
1643 2529 1768 2577 irato
1804 2531 1850 2576 in
1889 2530 2115 2578 exsilium
2155 2530 2331 2577 missus
2367 2531 2452 2589 sit,
2499 2532 2546 2579 in
2582 2534 2656 2581 in-

107 2621 245 2664 certo
283 2610 629 2675 relinquentis,
675 2626 768 2658 non
804 2609 1047 2674 cogimur,
1096 2617 1151 2657 ut
1186 2626 1445 2674 negemus,
1489 2626 1615 2674 quae
1650 2611 1895 2660 christiani
1939 2612 2203 2674 scriptores
2251 2613 2350 2660 sere
2392 2630 2559 2663 omnes
2596 2616 2659 2663 de

109 2694 365 2746 Demetrio
405 2693 555 2741 libros
592 2709 757 2740 sacros
786 2710 958 2755 graece
986 2692 1382 2756 interpretandos
1409 2691 1675 2741 Ptolemaei
1707 2692 2009 2757 Philadelphi
2043 2693 2169 2759 regis
2204 2696 2364 2744 verbis
2392 2704 2440 2745 et
2464 2697 2658 2746 nomina

107 2784 405 2843 procurante
441 2775 488 2824 in
528 2781 822 2840 perpetuum
859 2774 1004 2840 hujus
1043 2775 1171 2839 regis
1210 2774 1442 2823 honorem
1482 2774 1739 2823 memoriae
1775 2775 2107 2839 prodiderunt.
2145 2805 2212 2811 —

241 2860 350 2908 dam
399 2875 517 2907 vero
565 2874 667 2907 rem
712 2856 889 2921 ipsam,
937 2858 1127 2923 qualem
1179 2857 1433 2906 Aristaeus
1478 2864 1550 2918 et,
1604 2857 1685 2923 qui
1734 2873 1842 2905 cum
1889 2858 2042 2906 secuti
2079 2868 2216 2917 sunt,
2270 2861 2549 2921 retulerint,
2599 2881 2655 2910 eo

105 2949 295 3001 autore,
332 2940 412 3006 qui
448 2941 496 2990 in
533 2939 823 3006 gravissima
861 2956 912 2987 re
948 2956 1055 2988 cum
1081 2939 1137 2988 iis
1174 2940 1416 2997 dissentit,
1459 2957 1553 2989 non
1590 2941 1796 2999 sublato,
1827 2940 1886 2989 ad
1925 2941 2251 3007 conjecturam
2290 2961 2459 3004 meam,
2494 2947 2652 3009 quoad

106 3025 211 3076 fleri
250 3024 456 3089 poterit,
490 3022 791 3088 argumentis
829 3021 1206 3072 confirmandam
1240 3024 1287 3073 in
1327 3024 1538 3073 medium
1577 3023 1908 3089 proferamus;
1955 3041 2052 3089 quo
2090 3024 2243 3085 sacto,
2290 3025 2402 3090 quid
2441 3044 2654 3077 commo—

106 3108 234 3157 verit
270 3107 402 3157 viros
439 3106 634 3177 doctos,
680 3113 735 3155 ut
780 3121 942 3171 neque
990 3105 1213 3155 Aristaeo
1260 3122 1419 3171 neque
1458 3106 1541 3168 iis,
1588 3106 1669 3172 qui
1717 3115 1828 3172 post
1873 3123 1983 3156 eum
2030 3107 2204 3156 litteris
2250 3110 2654 3175 consignaverint,

108 3188 412 3238 Demetrium
463 3188 753 3238 Phalereum
791 3187 914 3253 legis
950 3186 1144 3237 divinae
1188 3206 1252 3239 ex
1289 3188 1515 3238 hebraica
1562 3189 1724 3255 lingua
1772 3190 1820 3239 in
1866 3205 2089 3255 graecam
2129 3192 2518 3251 translationem,
2567 3210 2655 3258 per

108 3273 422 3338 septuaginta
479 3272 776 3337 interpretes
837 3271 1137 3331 absolutam,
1190 3288 1480 3336 procurasse
1531 3272 1676 3322 ullam
1728 3272 1874 3323 fidem
1928 3271 2198 3325 habendam
2251 3290 2359 3327 esse
2409 3286 2653 3329 censeant.
