2853 3836
121 295 461 342 ἀποσταλέντα
503 295 601 345 ’ὑπὸ
648 297 748 341 τῶν
789 291 967 350 γονέων
1003 290 1086 339 διὰ
1127 291 1224 362 τὴν
1264 295 1386 370 πρὸς
1435 294 1522 340 τὸν
1555 292 1761 359 ἀδελφὸν
1808 295 2018 360 κρυφίαν
2060 295 2251 360 ἔχθραν
2294 297 2442 345 Ἠσαῦ
2479 296 2563 344 διὰ
2599 299 2654 343 τὸ

121 363 384 425 εὐλογῆσαι
418 362 571 411 αὐτὸν
605 360 791 423 πατέρα
827 356 1068 408 δοκοῦντα
1104 364 1228 406 εἰναι
1262 363 1350 405 τὸν
1383 358 1549 415 Ἠσαῦ,
1584 360 1663 407 καὶ
1693 360 1823 420 ὅπως
1850 363 1974 430 λάβῃ
2010 365 2202 409 ἐκεῖθεν
2234 370 2452 420 γυναῖκα.
2485 364 2654 444 Ἀφορ-

120 431 281 492 μῆσαι
325 426 413 477 οὖν
457 423 630 483 Ἰακώβ
674 442 746 483 εις
790 423 1014 504 Χαρρὰν
1038 429 1131 504 τῆς
1177 425 1590 508 Μεσοποταμίας,
1641 425 1725 472 τὸν
1767 428 1854 488 μὲν
1890 431 2076 508 πατέρα
2111 427 2442 475 καταλιπόντα
2485 429 2655 477 Ἰσαὰκ

121 498 244 540 ἐτῶν
274 494 448 542 ἑκατὸν
470 490 733 570 τριάκοντα
765 488 905 548 ἑπτὰ,
939 490 1091 539 αὐτὸν
1115 490 1168 540 δὲ
1198 490 1319 538 ὄντα
1345 495 1469 538 ἐτῶν
1493 492 1824 557 ἑβδομήκοντα
1851 493 1991 542 ἑπτά.
2027 496 2242 558 Διατρίψ
2245 512 2371 542 αντα
2392 492 2482 542 οὖν
2505 496 2655 544 αὐτὸν

120 566 214 607 ἐκεῖ
247 560 373 607 ἑπτὰ
409 559 494 622 ἔτη
540 556 718 616 Λάβαν
761 563 850 606 τοῦ
894 557 1125 623 μητρῴου
1163 556 1253 606 δύο
1289 558 1570 621 θυγατέρας
1588 563 1774 637 γῆμαι,
1821 562 1977 608 Λείαν
2014 560 2095 607 καὶ
2143 560 2333 625 Ῥαχὴλ,
2378 560 2499 608 ὄντα
2534 566 2656 608 ε’τῶν

120 625 423 707 ὀγδοήκοντα
455 623 724 687 τεσσάρων
758 624 839 672 καὶ
872 626 1110 683 γενέσθαι
1136 627 1189 671 ἓν
1222 623 1346 671 ἑπτὰ
1381 624 1547 671 ἔτεσιν
1575 622 1740 681 α’λλοις
1769 625 1902 689 αὐτῷ
1930 627 2105 674 παιδία
2140 626 2217 685 ιβ’·
2254 627 2410 690 ὀγδόῳ
2444 627 2533 687 μὲν
2560 629 2656 674 ἐτει

119 691 237 770 μηνὶ
272 690 457 756 δεκάτῳ
493 692 709 750 Ῥουβίν·
756 691 837 738 καὶ
871 694 940 755 τῷ
976 692 1072 738 ἔτει
1107 689 1161 739 δὲ
1195 694 1266 756 τῷ
1300 688 1483 755 ἑννάτῳ
1517 688 1636 754 μηνὶ
1671 689 1826 755 ὀγδόῳ
1862 673 2104 753 Συμεών·
2147 692 2231 741 καὶ
2265 696 2336 759 τῷ
2370 694 2465 739 ἑτει
2500 692 2553 741 δὲ
2587 697 2655 759 τῷ

119 757 304 825 δεκάτῳ
327 758 446 839 μηνὶ
471 761 591 824 ἕκτῳ
614 757 790 806 Λευὶν·
819 762 886 823 τῷ
910 738 969 805 δὲ
996 739 1274 822 ἑνδεκάτῳ
1258 757 1355 805 ε’τει
1379 757 1499 821 μηνὶ
1524 755 1741 822 τετάρτῳ
1769 738 1992 807 Ἰούδαν·
2018 759 2192 824 Ῥαχήλ
2216 776 2268 807 τε
2292 741 2362 825 μὴ
2389 742 2657 809 τίκτουσαν

121 826 335 890 ζηλῶσαι
347 825 462 910 τὴν
495 805 714 904 ἀδελφὴν
747 824 829 871 καὶ
863 824 1217 903 παρακοιμίσαι
1251 828 1320 890 τιιιῖ
1355 822 1528 884 Ἰακὼβ
1563 842 1622 889 τη
1631 842 1656 870 ν
1681 827 1862 890 εαυτῆς
1889 825 2159 891 παιδίσκην
2187 826 2382 891 Ζελφὰν
2415 832 2485 893 τῷ
2520 828 2655 893 αὐτῳ

119 891 292 958 χρόνῳ,
326 890 363 958 ᾧ
399 895 480 940 καὶ
515 889 714 940 Βάλλαν
749 892 1005 949 συλλαβεῖν
1039 890 1126 938 τὸν
1161 873 1454 967 Νεφθαλεὶμ,
1487 894 1556 957 τῷ
1591 891 1830 957 ἑνδεκάτῳ
1861 892 1959 939 ε’τει
1991 893 2111 958 μηνὶ
2145 898 2348 957 πέμπτῳ
2384 894 2463 940 καὶ
2501 902 2658 942 τεκεῖν

119 963 185 1024 τῷ
222 940 479 1022 δωδεκάτω
509 958 605 1005 ε’τει
639 957 851 1036 δευτέρῳ
878 957 998 1020 μηνὶ
1028 957 1151 1014 υἱὸν,
1196 954 1251 1003 ὃν
1281 957 1379 1005 ὑπὸ
1414 940 1568 1016 Λείας
1603 960 1650 1005 1
1647 958 1724 1005 ὰθ
1766 960 2135 1037 ὀνομασθῆναι,
2171 959 2251 1005 καὶ
2285 963 2335 1005 ἐκ
2371 964 2462 1025 τῆς
2496 963 2657 1041 αὐτῆς

118 1030 208 1073 τοῦ
244 1024 400 1073 αὐτοῦ
437 1025 577 1083 ἔτους
619 1024 699 1072 καὶ
733 1022 888 1089 μηνὸς
933 1022 1213 1072 δωδεκάτου
1252 1025 1415 1089 ε’τερον
1456 1031 1623 1081 τεκεῖν,
1660 1022 1715 1071 ὃν
1756 1024 1837 1072 καὶ
1880 1025 2033 1074 αὐτὸν
2065 1029 2526 1092 προςαγορευθῆναι
2560 1030 2656 1075 ὑπὸ

118 1091 272 1150 Λείας
301 1090 462 1157 Ἀσήρ.

255 1178 336 1221 Sed
366 1177 633 1232 fragmentum
670 1177 830 1232 longius
862 1181 945 1229 est,
984 1188 1102 1231 quam
1133 1177 1241 1230 quod
1272 1177 1401 1219 omnia
1432 1177 1553 1219 verba
1583 1177 1918 1228 transcribantur;
1967 1178 2101 1232 itaque
2140 1178 2238 1219 haec
2280 1178 2498 1231 sufficiant,
2535 1192 2657 1232 quum

120 1251 357 1303 praesertim
387 1262 467 1291 non
496 1252 581 1304 ipsa
612 1250 799 1292 Demetrii
830 1250 951 1291 verba
981 1248 1132 1291 reddita
1166 1261 1258 1291 esse
1287 1256 1534 1290 censeamus.

1141 1334 1370 1398 Fragm.
1416 1332 1623 1383 XXXV.

967 1417 1147 1467 Euseb.
1187 1416 1360 1480 Praep.
1398 1432 1568 1480 evang.
1601 1416 1686 1466 lx.
1723 1416 1801 1466 29.

251 1502 474 1555 Δημήτριος
509 1503 552 1542 δὲ
589 1504 674 1554 περὶ
711 1503 781 1552 τῆς
812 1499 1042 1552 ἀναιρέσεως
1070 1494 1141 1539 τοῦ
1177 1497 1395 1577 Αἰγυπτίου
1431 1501 1495 1536 καὶ
1524 1498 1595 1547 τῆς
1631 1495 1826 1552 διαφορᾶς
1862 1500 1932 1550 τῆς
1960 1515 2057 1551 προς
2086 1500 2153 1541 τὸν
2182 1499 2406 1551 μηνύσαντα
2433 1500 2503 1542 τὸν
2531 1503 2656 1543 τελευ-

118 1582 293 1619 τησαντα
325 1568 466 1620 ὁμοίως
494 1568 551 1617 τῷ
580 1566 651 1619 τὴν
674 1565 778 1620 ἱεράν
804 1566 937 1619 βίβλον
958 1564 1156 1620 γράψαντι
1184 1563 1374 1618 ἱστόρησε·
1404 1561 1576 1619 φυγεῖν
1605 1556 1827 1615 μέντοιγε
1862 1556 1951 1603 τὸν
1986 1560 2186 1636 Μωσῆν
2219 1558 2288 1615 εἰς
2326 1556 2537 1605 Μαδιὰν
2576 1562 2658 1608 καὶ

120 1630 416 1690 συνοικῆσαι
451 1629 546 1672 ἐκεῖ
575 1628 638 1692 τῇ
683 1623 839 1687 ’[οθὸρ
880 1622 1099 1704 θυγατρὶ
1140 1619 1415 1703 Σεπφώρᾳ,
1458 1620 1522 1686 ἢν
1562 1638 1702 1678 ειναι,
1746 1620 1842 1670 ὅσα
1886 1621 2228 1683 στοχάζεσθαι
2270 1624 2371 1672 ἀπὸ
2417 1629 2519 1671 τῶν
2554 1629 2656 1672 ὀνο-

117 1692 301 1752 μάτων,
326 1696 426 1739 τῶν
450 1694 718 1752 γενομένων
745 1694 795 1736 ἐκ
816 1687 1108 1754 Χεττούρας
1133 1693 1222 1737 τοῦ
1242 1687 1459 1751 Ἀβραὰμ
1475 1689 1660 1771 χένους,
1687 1688 1736 1736 ὲκ
1752 1693 1841 1736 τοῦ
1870 1688 2009 1746 Ἰεξὰν
2040 1695 2129 1739 τοῦ
2162 1697 2421 1751 γενομένου
2446 1691 2658 1755 Ἀβραὰμ

118 1761 167 1805 ἐκ
200 1757 503 1839 Χεττούρας·
535 1762 584 1805 ἐκ
613 1754 666 1804 δὲ
695 1760 786 1804 τοῦ
819 1754 960 1813 Ἰεξὰν
987 1759 1227 1815 γενέσθαι
1251 1754 1435 1803 Δαδάν
1471 1758 1521 1801 ἐκ
1548 1752 1601 1802 δὲ
1618 1753 1788 1803 Δαδὰν
1814 1753 2059 1820 Ῥαγουήλ·
2089 1761 2140 1804 ἐκ
2173 1756 2226 1805 δὲ
2244 1756 2476 1822 Ραγουὴλ
2501 1759 2657 1824 Ἰοθὸρ

118 1824 197 1873 καὶ
227 1823 392 1887 Ἀβάβ
429 1824 478 1873 ἐκ
506 1823 561 1873 δὲ
586 1826 676 1872 τοῦ
701 1822 858 1886 Ἰοθὸρ
879 1822 1181 1886 Σεπφώραν,
1206 1818 1269 1886 ἢν
1290 1827 1446 1887 γῆμαι
1474 1825 1686 1886 Μωσῆν.
1741 1821 1843 1869 Καὶ
1871 1823 1963 1881 τὰς
1983 1822 2148 1882 γενεὰς
2179 1821 2231 1870 δὲ
2259 1832 2553 1907 συμφωνεῖν
2573 1829 2658 1871 τὸν

115 1893 208 1953 γὰρ
225 1898 429 1971 Μωσῆν
455 1890 578 1938 εἶναι
606 1891 705 1938 ἀπὸ
726 1889 938 1950 Ἀβραὰμ
965 1891 1186 1952 ἕβδομον,
1222 1888 1314 1953 τὴν
1340 1888 1392 1938 δὲ
1416 1888 1703 1954 Σεπφώραν
1725 1891 1881 1967 ἕκτην.
1923 1893 2296 1952 Συνοικοῦντος
2316 1890 2411 1958 γὰρ
2435 1890 2534 1958 ἤδη
2565 1898 2653 1942 τοῦ

118 1956 290 2016 Ἰσαὰκ,
327 1954 410 2024 αφ’
447 1952 505 2007 οὗ
516 1958 743 2036 -Mw66v
783 1952 922 2014 εἶναι,
968 1959 1124 2035 γῆμαι
1162 1954 1386 2036 Ἀβραὰμ
1420 1955 1514 2022 τὴν
1531 1954 1836 2036 Χεττούραν
1880 1955 2000 2002 ὂντα
2035 1961 2159 2003 ετῶν
2194 1958 2270 2038 ρμ’
2304 1960 2385 2004 καὶ
2418 1965 2654 2023 γεννῆσαι

115 2023 272 2105 Ἰσαὰρ
313 2025 363 2084 ἐξ
407 2024 567 2089 αυτῆς
609 2021 863 2088 δεύτερον·
910 2024 998 2070 τὸν
1040 2022 1093 2071 δὲ
1142 2022 1313 2084 Ἰσαὰκ,
1357 2023 1478 2069 ὄντα
1523 2024 1644 2067 ετῶν
1678 2026 1866 2079 ἑκατὸν,
1909 2029 2159 2087 γεννῆσαι
2226 2022 2375 2070 Ὡστε
2408 2027 2490 2087 μβ’
2531 2032 2655 2072 ετῶν

115 2090 324 2169 ὕστερον
355 2108 601 2151 γεγονεναι
650 2090 737 2138 τὸν
779 2088 949 2154 Ἰσαὰρ,
984 2088 1063 2155 ἀφ’
1107 2086 1165 2137 οὖ
1209 2087 1303 2155 τὴν
1346 2088 1633 2154 Σεπφώραν
1665 2090 2126 2154 φεγενεαλογῆσθαι.
2201 2088 2362 2138 Οὐδὲν
2398 2089 2485 2140 οὖν
2519 2111 2654 2140 αντι·

116 2159 286 2206 πίπτει
330 2160 417 2214 τὸν
451 2161 655 2221 Μωσῆν
698 2157 779 2203 καὶ
822 2157 920 2235 τὴν
957 2155 1244 2220 Σεπφώραν
1278 2158 1403 2203 κατὰ
1446 2155 1563 2214 τοὺς
1594 2156 1778 2213 αὐτοὺς
1820 2160 2069 2216 γεγονέναι
2103 2155 2320 2220 χρόνους.
2393 2159 2657 2207 Κατοικεῖν

117 2224 158 2272 δ’
194 2224 378 2283 αὐτοὺς
422 2222 641 2287 Μαδιὰμ
688 2221 843 2280 πόλιν,
888 2221 952 2287 ἢν
994 2222 1093 2270 άπὸ
1139 2224 1246 2281 ἑνὸς
1289 2225 1390 2270 τῶν
1433 2220 1644 2287 Ἀβραὰμ
1686 2222 1879 2270 παίδων
1922 2225 2284 2302 ὀνομασθῆναι.
2361 2225 2504 2289 Φησὶ
2545 2226 2655 2290 760,

117 2294 203 2340 τὸν
238 2289 458 2356 Ἀβραὰμ
494 2289 611 2350 τοὺς
645 2289 829 2348 παῖδας
863 2291 985 2350 πρὸς
1023 2288 1266 2348 ανατολὰς
1300 2289 1379 2336 ἐπὶ
1415 2289 1669 2336 κατοικίαν
1712 2291 1934 2354 πέμψαι·
1970 2290 2054 2337 διὰ
2089 2295 2239 2338 τοῦτο
2275 2290 2328 2339 δὲ
2363 2293 2443 2338 καὶ
2476 2293 2656 2357 ’Λαρων

118 2359 196 2408 καὶ
230 2358 446 2425 Ζὶ1αριὰμ
480 2359 633 2406 εἰπεῖν
668 2362 720 2405 ἐν
752 2356 983 2423 Ἀσηρώθ·
1018 2361 1220 2422 Μωσῆν
1256 2356 1539 2406 Αἰθιοπίδα
1574 2360 1728 2421 ῑῆμαι
1763 2364 1980 2416 γυναῖκα.

1130 2471 1360 2537 Fragm.
1413 2471 1645 2522 xxxvl.

855 2555 1033 2604 Euseb.
1072 2554 1245 2620 Praep
1283 2571 1453 2620 evang.
1494 2554 1577 2604 lX.
1618 2557 1694 2603 29.
1735 2555 1779 2603 ἰη
1817 2554 1926 2603 fine.

250 2639 354 2685 Καὶ
397 2637 549 2686 πάλιν
596 2638 697 2699 μετ’
750 2638 887 2696 ὀλίγα
939 2639 1130 2685 ἐκεῖθεν
1178 2635 1341 2701 ἦλθον
1383 2638 1566 2715 ἡμερας
1608 2646 1748 2703 τρεῖς,
1794 2646 1849 2694 ὠς
1878 2645 1999 2696 αὐτός
2037 2663 2079 2690 τε
2108 2648 2128 2690 ὁ
2159 2647 2379 2701 Δημήτριος
2417 2650 2526 2704 λέγει,
2573 2643 2654 2689 καὶ

118 2703 393 2769 συμφώνως
426 2701 584 2771 τούτῳ
632 2704 664 2769 ἡ
716 2702 819 2766 ἱερὰ
852 2703 1030 2763 βίβλος.
1102 2703 1194 2769 Μὴ
1230 2704 1406 2781 έχοντα
1441 2704 1494 2753 δὲ
1525 2702 1659 2766 ὕδωρ
1693 2709 1788 2751 εκεῖ
1819 2704 1986 2763 γλυκὺ,
2021 2705 2138 2752 ἀλλὰ
2174 2706 2360 2766 πικρὸν,
2394 2712 2483 2755 τοῦ
2526 2712 2652 2755 θεοῦ

117 2772 356 2830 εἰπόντος,
395 2770 537 2828 ξύλον
570 2788 621 2818 τι
656 2772 880 2832 ἐμβαλεῖν
914 2772 985 2829 εις
1018 2770 1111 2834 τὴν
1146 2787 1325 2834 πηγην,
1371 2771 1452 2818 καὶ
1484 2775 1721 2829 γενέσθαι
1756 2772 1906 2830 γλυκὺ
1940 2775 1997 2818 τὸ
2030 2771 2173 2834 ὕδωρ.
2245 2773 2462 2819 Ἐκεῖθεν
2497 2775 2549 2820 δὲ
2584 2778 2653 2832 εἰς

117 2839 273 2900 ’Em-ip,
307 2838 472 2888 ἐλθεῖν
506 2837 586 2886 καὶ
613 2838 770 2900 εὑρεῖν
793 2841 891 2885 ἐκεῖ
924 2801 1113 2886 δώδεκα
1146 2836 1234 2897 μὲν
1268 2834 1432 2901 πηγὰς
1465 2835 1675 2893 ὑδάτων,
1712 2838 2047 2903 ε’βδομηκοντα
2074 2837 2126 2885 δὲ
2158 2840 2360 2904 στελέχη
2393 2842 2652 2890 Φοινίκων.

1116 2944 1347 3011 Fragm.
1392 2944 1652 2995 XXXVII.

908 3030 1132 3092 Clemens
1169 3028 1438 3079 Alexandr.
1473 3028 1653 3079 Strom.
1696 3030 1730 3080 1.
1770 3033 1847 3081 21.

250 3123 472 3179 Δημήτριος
509 3128 558 3167 δέ
597 3138 713 3179 φησιν
749 3128 786 3165 ἐν
822 3124 879 3173 τῷ
916 3127 1001 3177 περὶ
1037 3124 1118 3164 τῶν
1154 3127 1192 3164 ἐν
1218 3124 1269 3178 τῇ
1305 3123 1469 3175 Ἰουδαίᾳ
1509 3124 1721 3176 βασιλέων,
1767 3113 1858 3178 τὴν
1902 3112 2064 3163 Ἰούδα
2108 3113 2264 3179 φυλὴν
2297 3113 2380 3162 καὶ
2416 3115 2655 3179 Βενιαμὶν

117 3217 194 3251 και
241 3198 366 3246 Λευῒ
409 3198 476 3266 μὴ
524 3200 994 3262 αἰχμαλωτισθῆναι
1040 3196 1137 3245 ὑπὸ
1181 3202 1270 3245 τοῦ
1314 3199 1663 3265 Σεναχηρείμ·
1718 3198 1813 3246 ἀλλ’
1860 3195 1982 3246 εἶναι
2032 3199 2129 3245 ἀπὸ
2174 3201 2268 3262 τῆς
2315 3199 2655 3261 αἰχμαλωσίας

2085 3266 2114 3313 6
