2853 3836
1422 171 1472 230 2

303 305 375 355 Ea
411 305 714 365 difficultate,
749 321 891 371 quam
929 305 1114 355 Snidae
1148 307 1296 356 verba
1329 306 1409 352 ἐπὶ
1454 307 1772 370 Πτολεμαίου
1819 312 1909 359 τοῦ
1957 310 2156 376 πρώτου
2201 309 2456 378 objiciunt,
2499 333 2526 364 a
2564 288 2724 367 Wei-'v

168 392 336 442 cberto
371 398 420 440 et
454 388 722 440 Bitschelio
752 389 781 437 l.
814 389 843 437 l.
905 386 1287 457 Philadelphum.
1314 388 1500 437 dictum
1544 405 1655 438 esse
1692 393 2030 455 probantibus,
2079 396 2293 456 sublata,
2341 412 2370 444 a
2406 397 2507 453 veri
2541 398 2706 464 specie

166 488 262 523 non
298 472 650 532 aberrabimus,
695 470 764 520 ita
788 477 857 521 -ut
892 486 1049 537 neque
1082 470 1313 536 antiquae
1341 469 1576 520 ecclesiae
1611 472 1926 537 scriptoribus
1961 476 2119 526 omnis
2156 478 2419 542 derogetur
2455 468 2582 529 tides
2616 497 2705 531 nec

166 556 351 606 Suidae
384 555 679 619 infringatur
714 553 1070 616 testimonium,
1114 559 1411 613 statuentes,
1451 552 1750 603 Demetrium
1783 557 1874 605 sub
1907 559 2230 626 Philadelpho
2267 562 2381 610 licet
2416 563 2563 612 breve
2600 570 2707 613 tan-

165 649 267 689 tum
307 645 504 702 tempus
542 636 890 686 bibliothecarii
924 652 1127 685 munere
1171 635 1392 684 functum
1429 651 1536 685 esse
1570 651 1730 703 neque
1772 638 1923 688 multo
1962 649 2074 705 post
2108 641 2211 707 ejus
2248 642 2386 709 regni
2429 643 2617 694 initium
2654 645 2702 696 in

165 721 327 771 odium
364 719 493 785 regis
528 720 782 781 incidisse,
817 720 1126 769 Zenodotum
1161 733 1280 766 vero
1317 718 1360 766 ei
1395 718 1445 768 in
1480 719 1572 768 hoc
1608 735 1809 769 munere
1842 723 2162 784 successisse3
2214 726 2301 775 nisi
2338 726 2477 777 malis
2513 726 2702 793 conjec-

164 814 283 864 tare,
312 803 612 852 Demetrium
642 803 931 850 Phalereum
960 800 1281 850 bibliothecae
1313 801 1564 851 custodem
1591 802 1697 851 sive
1732 802 2145 855 bibliothecarium
2179 807 2372 872 quidem
2408 827 2501 860 non
2537 809 2705 873 fuisse,

164 887 252 946 sed
297 886 570 952 primariam
613 885 932 956 bibliothecae
975 899 1141 933 curam
1187 883 1281 949 ipsi
1316 900 1343 934 a
1383 884 1663 935 Ptolemaeo
1710 886 2071 949 demandatam,
2119 890 2186 939 ita
2231 899 2286 940 ut
2329 891 2610 943 Zenodotus
2652 902 2703 944 et

169 970 446 1020 Demetrius
481 968 652 1017 eodem
688 975 907 1031 tempore
954 966 1260 1015 bibliothecis
1297 967 1476 1016 suerint
1513 969 1761 1034 praefecti,
1796 971 1919 1020 alter
1954 980 2120 1022 custos
2156 972 2261 1023 sive
2297 974 2701 1036 bibliothecarius,

164 1055 287 1103 alter
319 1059 526 1111 curator,
573 1051 701 1100 sicut
735 1049 879 1098 etiam
916 1049 1061 1098 hodie
1095 1050 1226 1114 apud
1270 1066 1359 1098 nos
1397 1060 1657 1117 utrumque
1694 1068 1871 1102 munus
1906 1061 1980 1104 est
2015 1062 2307 1120 separatum.
2380 1055 2503 1108 Utut
2535 1074 2615 1108 res
2650 1075 2703 1107 se

165 1136 324 1195 habet,
360 1151 518 1199 neque
549 1132 791 1182 silentium
822 1133 1131 1181 classicorum
1167 1132 1457 1196 scriptorum
1492 1133 1555 1181 de
1591 1135 1826 1184 Demetrii
1877 1136 2098 1186 Phalerei
2146 1137 2468 1188 bibliothecae
2512 1138 2701 1204 praese-

165 1227 316 1277 ctura,
351 1233 509 1282 neque
545 1216 729 1265 Suidae
763 1215 826 1264 de
851 1215 1104 1264 Zenodoto
1140 1215 1491 1277 testimonium,
1527 1232 1687 1282 neque
1719 1217 1883 1268 odium
1913 1219 2062 1284 regis,
2098 1219 2144 1269 in
2182 1220 2312 1286 quod
2349 1220 2576 1272 inciderit
2602 1221 2701 1271 De-

165 1300 380 1360 metrius,
415 1316 504 1349 nos
541 1299 682 1364 cogit,
718 1306 773 1347 ut
808 1297 952 1347 fidem
988 1298 1274 1363 derogemus
1307 1299 1534 1364 antiquae
1568 1300 1804 1349 ecclesiae
1838 1301 2173 1368 scriptoribus.

299 1383 443 1449 Quae
476 1399 624 1448 quum
661 1381 727 1431 ita
761 1380 882 1442 sint,
926 1398 1023 1431 non
1069 1389 1147 1431 est
1183 1381 1311 1447 quod
1358 1382 1599 1442 dubitem,
1644 1383 1759 1448 quin
1806 1384 2084 1435 Demetrius
2122 1386 2390 1437 Phalereus
2424 1402 2518 1437 non
2555 1387 2700 1438 modo

168 1467 448 1518 Ptolemaeo
497 1464 819 1531 Philadelpho
870 1472 1105 1529 regnante
1155 1465 1479 1515 bibliothecae
1524 1466 1885 1515 Alexandrinae
1934 1468 2225 1530 praefuerit,
2275 1469 2362 1519 sed
2414 1469 2558 1519 etiam
2607 1471 2700 1520 sub

170 1550 447 1603 Ptolemaeo
491 1548 613 1614 Lagi
661 1548 864 1597 eandem
904 1547 1003 1614 jam
1047 1547 1294 1597 curaverit
1341 1547 1694 1597 bibliothecam.
1775 1548 1908 1598 Satis
1955 1549 2082 1599 enim
2129 1558 2343 1610 constat,
2390 1552 2700 1602 constitutam

165 1651 276 1684 esse
310 1632 646 1683 bibliothecam
676 1630 775 1698 jam
810 1647 837 1680 a
877 1631 1156 1680 Ptolemaeo
1192 1638 1355 1695 patre,
1389 1629 1490 1691 cui,
1539 1637 1593 1680 ut
1628 1639 1933 1696 compararet
1967 1641 2016 1681 et
2051 1632 2234 1697 legeret
2271 1634 2418 1683 libros
2455 1634 2517 1683 de
2552 1652 2702 1699 regno

166 1726 215 1766 et
251 1716 524 1782 principatu
557 1714 779 1779 scriptos,
818 1703 1118 1762 Demetrium
1145 1712 1358 1762 suasisse
1392 1711 1522 1778 apud
1559 1712 1870 1762 Plutarchum
1903 1713 2118 1779 legimus.
2177 1715 2349 1781 ltaque
2382 1716 2700 1767 Ptolemaeum

167 1800 389 1865 primum,
424 1796 564 1863 cnjus
600 1795 926 1845 munificentia
971 1796 1020 1844 in
1057 1795 1425 1859 litterarumque
1459 1794 1620 1843 studia
1657 1811 1793 1843 amor
1826 1795 2084 1861 singularis
2117 1798 2456 1860 Alexandriae,
2492 1815 2617 1849 nova
2653 1808 2704 1850 et

166 1880 460 1949 amplissima
496 1881 630 1941 urbe,
667 1879 713 1929 in
748 1878 870 1944 ipsis
909 1877 1164 1942 utriusque
1203 1877 1333 1926 orbis
1369 1876 1590 1926 confiniis
1623 1876 1730 1937 sita,
1767 1878 2043 1943 civiumque
2078 1888 2128 1927 et
2154 1888 2435 1928 exterorum
2474 1882 2700 1946 frequen—

166 1966 245 2025 tia,
282 1963 595 2023 commerciis,
631 1962 817 2026 opibus,
857 1962 976 2010 luxu
1012 1958 1472 2025 regali-mirabiliter
1505 1960 1722 2023 florente,
1761 1961 2032 2027 perfugium
2063 1968 2113 2011 et
2141 1963 2499 2026 receptaculum
2537 1972 2697 2014 tutum

167 2055 217 2098 et
252 2045 567 2096 honorificum
605 2052 876 2110 paraverat,
911 2059 1007 2092 non
1044 2044 1201 2092 solum
1238 2042 1516 2091 condidisse
1550 2061 1784 2103 museum,
1821 2044 2026 2108 primum
2061 2059 2119 2091 ac
2153 2044 2360 2093 sortasse
2391 2045 2585 2095 unicum
2613 2061 2701 2112 per

167 2139 405 2180 terrarum
441 2129 606 2178 orbem
644 2125 1030 2177 doctissimorum
1060 2123 1308 2174 hominum
1346 2127 1713 2175 contubernium
1751 2135 1899 2191 atque
1932 2126 2230 2187 convictum,
2275 2127 2421 2193 regiis
2457 2128 2701 2180 sumtibus

167 2212 428 2267 liberaliter
462 2216 815 2269 sustentatum,
859 2208 945 2258 sed
984 2207 1126 2257 etiam
1163 2209 1363 2256 alteram
1380 2210 1423 2272 ¹)
1459 2217 1593 2258 certe
1630 2209 1989 2268 bibliothecam,
2038 2209 2268 2259 librorum
2314 2211 2468 2276 copiis
2514 2211 2700 2261 instru-

167 2297 451 2355 ctissimam,
485 2294 532 2343 in
573 2292 802 2352 Bruchio,
842 2290 1169 2340 Alexandriae
1205 2290 1339 2340 urbis
1376 2298 1515 2356 parte
1550 2290 1873 2356 pulcherrima
1908 2306 2174 2354 regumque
2209 2291 2342 2351 sede,
2378 2292 2697 2342 constitutam

168 2381 274 2429 sine
321 2379 418 2426 ulla
466 2376 768 2424 dubitatione
814 2373 1213 2422 confirmaverim.
1306 2372 1477 2438 Neque
1526 2372 1574 2421 id
1628 2370 1867 2438 conjicere
1920 2370 2270 2434 dubitaverim,
2321 2373 2445 2423 hanc
2497 2375 2696 2425 alteram

167 2461 529 2519 bibliothecam,
562 2475 589 2507 a
628 2458 906 2506 Ptolemaeo
950 2455 1105 2521 primo
1142 2456 1391 2504 Demetrio
1425 2455 1664 2504 Phalereo
1703 2454 1921 2520 inprimis
1956 2462 2158 2503 auctore
2194 2462 2246 2504 et
2280 2471 2483 2506 suasore
2517 2457 2697 2507 consti·

146 2552 345 2604 tutam,
392 2541 576 2592 ultimis
611 2539 804 2606 quidem
840 2537 976 2605 regni
1020 2537 1181 2599 annis,
1229 2537 1508 2587 Ptolemaeo
1546 2537 1643 2587 filio
1677 2536 1726 2587 in
1764 2537 1896 2603 regni
1933 2537 2219 2587 societatem
2249 2536 2349 2604 jam
2385 2540 2593 2600 adscito,
2629 2540 2696 2590 ita

167 2634 358 2677 auctam
406 2641 519 2675 esse
563 2631 614 2673 et
661 2622 1026 2689 amplificatam,
1079 2627 1134 2670 ut
1180 2620 1429 2670 Demetrio
1476 2620 1821 2669 bibliothecarii
1875 2636 2077 2669 munere
2127 2620 2260 2686 fungi
2313 2622 2522 2671 maximo
2567 2632 2700 2674 esset

169 2709 352 2759 honori.
422 2707 593 2771 Neque
627 2705 776 2770 igitur
811 2704 982 2755 mirum
1019 2703 1173 2754 videri
1211 2710 1388 2769 potest,
1423 2719 1450 2753 a
1485 2702 1803 2769 scriptoribus
1839 2703 1983 2753 modo
2018 2710 2209 2769 patrem
2242 2704 2386 2755 modo
2421 2704 2573 2755 filium
2611 2723 2699 2756 no—

304 2892 537 2941 omtjonem,
566 2888 626 2927 ἐπὶ
654 2885 902 2937 Πτολεμαίου
931 2886 1003 2925 τοῦ
1032 2881 1205 2939 πρώτου,
1238 2898 1341 2941 quae
1370 2898 1487 2929 nemo
1517 2899 1666 2943 graece
1698 2887 1843 2931 doctus
1875 2888 2011 2944 eloqui
2040 2890 2167 2945 potuit
2203 2888 2254 2931 de
2283 2888 2512 2932 Ptolemaeo
2540 2892 2695 2934 sotere.

300 2965 379 3008 Sed
411 2964 688 3007 desiderantes
718 2962 912 3017 quaedam
942 2962 982 3003 in
1010 2974 1096 3004 eam
1130 2961 1381 3012 sententiam,
1413 2972 1530 3015 quam
1560 2961 1799 3004 Plutarchus
1829 2962 1921 3004 adv.
1952 2963 2109 3016 Epicur.
2142 2976 2181 3015 p.
2216 2962 2326 3004 1095
2356 2964 2402 3004 D.
2444 2965 2504 3003 sic
2534 2963 2701 3006 eonfor-

302 3039 435 3089 mavit,
466 3035 709 3086 Πτολεμαῖος
736 3031 758 3074 ὁ
786 3031 942 3086 πρῶτος
970 3028 1196 3086 συναγαγών
1222 3026 1269 3072 τὸ
1300 3030 1503 3073 Μουσεῖον.
1540 3034 1633 3078 Ulut
1651 3039 1728 3088 est,
1749 3034 2046 3090 Philadelphum
2072 3047 2152 3078 non
2176 3035 2439 3077 dubitabimus
2457 3048 2700 3090 agnoscere.

229 3140 265 3195 ¹)
292 3141 498 3198 Duplicem
535 3142 816 3185 bibliothecam
845 3140 1099 3184 Alexandriae
1130 3153 1152 3183 a
1181 3139 1406 3183 Ptolemaeis
1436 3140 1635 3184 conditam
1672 3153 1764 3185 esse
1804 3145 1979 3195 constat,
2018 3141 2180 3185 alteram
2218 3142 2258 3183 in
2286 3140 2482 3196 Bruchio‚
2523 3142 2697 3195 alteram,

304 3226 395 3270 quae
424 3214 556 3258 serius
585 3217 811 3259 accessisse
839 3214 1008 3267 videtur,
1039 3214 1080 3256 in
1108 3214 1285 3268 Serapeo
1314 3215 1439 3256 sitam.
