<?xml version="1.0" encoding="UTF-8"?>
<!DOCTYPE html PUBLIC "-//W3C//DTD XHTML 1.0 Transitional//EN"
    "http://www.w3.org/TR/xhtml1/DTD/xhtml1-transitional.dtd">
<html xmlns="http://www.w3.org/1999/xhtml" xml:lang="en" lang="en">
 <head>
  <title>
</title>
<meta http-equiv="Content-Type" content="text/html;charset=utf-8" />
  <meta name='ocr-system' content='tesseract 3.04.00' />
  <meta name='ocr-capabilities' content='ocr_page ocr_carea ocr_par ocr_line ocrx_word'/>
</head>
<body>
  <div class='ocr_page' id='page_1' title='image "4775041_0027.png"; bbox 0 0 2853 3836; ppageno 0'>
   <div class='ocr_carea' id='block_1_1' title="bbox 1349 138 1512 197">
    <p class='ocr_par' dir='ltr' id='par_1_1' title="bbox 1349 138 1512 197">
     <span class='ocr_line' id='line_1_1' title="bbox 1349 138 1512 197; baseline -0.037 1"><span class='ocrx_word' id='word_1_1' title='bbox 1349 138 1512 197; x_wconf 73' lang='lat' dir='ltr'><strong>n.</strong></span> 
     </span>
    </p>
   </div>
   <div class='ocr_carea' id='block_1_2' title="bbox 125 272 2658 2561">
    <p class='ocr_par' dir='ltr' id='par_1_2' title="bbox 125 272 2658 2561">
     <span class='ocr_line' id='line_1_2' title="bbox 125 272 2651 343; baseline 0 -17"><span class='ocrx_word' id='word_1_2' title='bbox 125 281 265 326; x_wconf 87' lang='lat' dir='ltr'><strong>erant</strong></span> <span class='ocrx_word' id='word_1_3' title='bbox 288 273 605 340; x_wconf 74' lang='lat' dir='ltr'>eloquentiae,</span> <span class='ocrx_word' id='word_1_4' title='bbox 641 290 736 325; x_wconf 90' lang='lat' dir='ltr'><strong>non</strong></span> <span class='ocrx_word' id='word_1_5' title='bbox 767 272 1014 339; x_wconf 83' lang='lat' dir='ltr'><strong>indignum</strong></span> <span class='ocrx_word' id='word_1_6' title='bbox 1040 272 1277 341; x_wconf 87' lang='lat' dir='ltr'><strong>judicant,</strong></span> <span class='ocrx_word' id='word_1_7' title='bbox 1314 290 1456 339; x_wconf 91' lang='lat' dir='ltr'><strong>quem</strong></span> <span class='ocrx_word' id='word_1_8' title='bbox 1491 274 1691 325; x_wconf 89' lang='lat' dir='ltr'><strong>summis</strong></span> <span class='ocrx_word' id='word_1_9' title='bbox 1720 274 2021 326; x_wconf 89' lang='lat' dir='ltr'><strong>Graecorum</strong></span> <span class='ocrx_word' id='word_1_10' title='bbox 2058 275 2332 325; x_wconf 90' lang='lat' dir='ltr'><strong>oratoribus</strong></span> <span class='ocrx_word' id='word_1_11' title='bbox 2356 285 2651 343; x_wconf 79' lang='lat' dir='ltr'><strong>comparent,</strong></span> 
     </span>
     <span class='ocr_line' id='line_1_3' title="bbox 125 357 2652 425; baseline 0.001 -18"><span class='ocrx_word' id='word_1_12' title='bbox 125 366 306 425; x_wconf 84' lang='lat' dir='ltr'><strong>quanta</strong></span> <span class='ocrx_word' id='word_1_13' title='bbox 350 358 399 408; x_wconf 87' lang='lat' dir='ltr'><strong>in</strong></span> <span class='ocrx_word' id='word_1_14' title='bbox 433 358 529 407; x_wconf 90' lang='lat' dir='ltr'><strong>·illo</strong></span> <span class='ocrx_word' id='word_1_15' title='bbox 565 357 713 406; x_wconf 69' lang='lat' dir='ltr'><strong>fuerit</strong></span> <span class='ocrx_word' id='word_1_16' title='bbox 747 357 1044 423; x_wconf 76' lang='lat' dir='ltr'><strong>eloquentia,</strong></span> <span class='ocrx_word' id='word_1_17' title='bbox 1090 358 1208 407; x_wconf 88' lang='lat' dir='ltr'><strong>satis</strong></span> <span class='ocrx_word' id='word_1_18' title='bbox 1243 357 1443 422; x_wconf 77' lang='lat' dir='ltr'><strong>intelligi</strong></span> <span class='ocrx_word' id='word_1_19' title='bbox 1481 366 1659 423; x_wconf 73' lang='lat' dir='ltr'><strong>potest.</strong></span> <span class='ocrx_word' id='word_1_20' title='bbox 1735 358 1880 409; x_wconf 89' lang='lat' dir='ltr'><strong>Unde</strong></span> <span class='ocrx_word' id='word_1_21' title='bbox 1915 366 2077 408; x_wconf 87' lang='lat' dir='ltr'><strong>autem</strong></span> <span class='ocrx_word' id='word_1_22' title='bbox 2116 360 2298 408; x_wconf 79' lang='lat' dir='ltr'><strong>sactum</strong></span> <span class='ocrx_word' id='word_1_23' title='bbox 2337 360 2422 419; x_wconf 90' lang='lat' dir='ltr'><strong>sit,</strong></span> <span class='ocrx_word' id='word_1_24' title='bbox 2461 368 2514 409; x_wconf 91' lang='lat' dir='ltr'><strong>ut</strong></span> <span class='ocrx_word' id='word_1_25' title='bbox 2553 360 2652 409; x_wconf 84' lang='lat' dir='ltr'><strong>De-</strong></span> 
     </span>
     <span class='ocr_line' id='line_1_4' title="bbox 127 438 2652 507; baseline 0.001 -18"><span class='ocrx_word' id='word_1_26' title='bbox 127 440 330 491; x_wconf 88' lang='lat' dir='ltr'><strong>metrius</strong></span> <span class='ocrx_word' id='word_1_27' title='bbox 351 449 447 491; x_wconf 88' lang='lat' dir='ltr'><strong>tam</strong></span> <span class='ocrx_word' id='word_1_28' title='bbox 478 441 690 504; x_wconf 89' lang='lat' dir='ltr'><strong>amplum</strong></span> <span class='ocrx_word' id='word_1_29' title='bbox 717 438 846 490; x_wconf 89' lang='lat' dir='ltr'><strong>inter</strong></span> <span class='ocrx_word' id='word_1_30' title='bbox 876 441 1062 491; x_wconf 86' lang='lat' dir='ltr'><strong>Atticos</strong></span> <span class='ocrx_word' id='word_1_31' title='bbox 1097 448 1317 491; x_wconf 86' lang='lat' dir='ltr'><strong>oratores</strong></span> <span class='ocrx_word' id='word_1_32' title='bbox 1344 441 1501 489; x_wconf 91' lang='lat' dir='ltr'><strong>locum</strong></span> <span class='ocrx_word' id='word_1_33' title='bbox 1529 441 1805 502; x_wconf 81' lang='lat' dir='ltr'><strong>obtinuerit,</strong></span> <span class='ocrx_word' id='word_1_34' title='bbox 1833 440 1932 507; x_wconf 87' lang='lat' dir='ltr'><strong>jam</strong></span> <span class='ocrx_word' id='word_1_35' title='bbox 1968 441 2017 491; x_wconf 91' lang='lat' dir='ltr'><strong>in</strong></span> <span class='ocrx_word' id='word_1_36' title='bbox 2048 442 2209 507; x_wconf 89' lang='lat' dir='ltr'><strong>priore</strong></span> <span class='ocrx_word' id='word_1_37' title='bbox 2234 443 2652 492; x_wconf 70' lang='lat' dir='ltr'><strong>commentationis</strong></span> 
     </span>
     <span class='ocr_line' id='line_1_5' title="bbox 128 522 2653 597; baseline 0 -25"><span class='ocrx_word' id='word_1_38' title='bbox 128 539 265 572; x_wconf 89' lang='lat' dir='ltr'><strong>meae</strong></span> <span class='ocrx_word' id='word_1_39' title='bbox 301 532 440 589; x_wconf 91' lang='lat' dir='ltr'><strong>parte</strong></span> <span class='ocrx_word' id='word_1_40' title='bbox 476 524 602 585; x_wconf 86' lang='lat' dir='ltr'><strong>[cap.</strong></span> <span class='ocrx_word' id='word_1_41' title='bbox 643 522 753 584; x_wconf 93' lang='lat' dir='ltr'><strong>ll.]‚</strong></span> <span class='ocrx_word' id='word_1_42' title='bbox 787 522 867 572; x_wconf 92' lang='lat' dir='ltr'><strong>ubi</strong></span> <span class='ocrx_word' id='word_1_43' title='bbox 905 523 967 573; x_wconf 90' lang='lat' dir='ltr'><strong>de</strong></span> <span class='ocrx_word' id='word_1_44' title='bbox 1002 522 1237 573; x_wconf 84' lang='lat' dir='ltr'><strong>Demetrii</strong></span> <span class='ocrx_word' id='word_1_45' title='bbox 1274 522 1575 573; x_wconf 90' lang='lat' dir='ltr'><strong>institutione</strong></span> <span class='ocrx_word' id='word_1_46' title='bbox 1611 540 1668 573; x_wconf 87' lang='lat' dir='ltr'><strong>ac</strong></span> <span class='ocrx_word' id='word_1_47' title='bbox 1701 524 1921 573; x_wconf 88' lang='lat' dir='ltr'><strong>doctrina</strong></span> <span class='ocrx_word' id='word_1_48' title='bbox 1953 525 2140 597; x_wconf 70' lang='lat' dir='ltr'><strong>agitur,</strong></span> <span class='ocrx_word' id='word_1_49' title='bbox 2185 525 2460 574; x_wconf 77' lang='lat' dir='ltr'><strong>accuratius</strong></span> <span class='ocrx_word' id='word_1_50' title='bbox 2496 526 2653 589; x_wconf 85' lang='lat' dir='ltr'><strong>expli-</strong></span> 
     </span>
     <span class='ocr_line' id='line_1_6' title="bbox 128 604 2655 670; baseline 0 -16"><span class='ocrx_word' id='word_1_51' title='bbox 128 614 289 656; x_wconf 88' lang='lat' dir='ltr'><strong>catum</strong></span> <span class='ocrx_word' id='word_1_52' title='bbox 326 612 416 655; x_wconf 89' lang='lat' dir='ltr'><strong>est.</strong></span> <span class='ocrx_word' id='word_1_53' title='bbox 470 604 769 655; x_wconf 86' lang='lat' dir='ltr'><strong>Demetrium</strong></span> <span class='ocrx_word' id='word_1_54' title='bbox 806 605 931 656; x_wconf 88' lang='lat' dir='ltr'><strong>inter</strong></span> <span class='ocrx_word' id='word_1_55' title='bbox 966 622 1108 656; x_wconf 88' lang='lat' dir='ltr'><strong>veros</strong></span> <span class='ocrx_word' id='word_1_56' title='bbox 1142 612 1194 655; x_wconf 81' lang='lat' dir='ltr'><strong>et</strong></span> <span class='ocrx_word' id='word_1_57' title='bbox 1223 604 1443 670; x_wconf 90' lang='lat' dir='ltr'><strong>antiquos</strong></span> <span class='ocrx_word' id='word_1_58' title='bbox 1466 604 1714 669; x_wconf 84' lang='lat' dir='ltr'><strong>Atticos1)</strong></span> <span class='ocrx_word' id='word_1_59' title='bbox 1737 607 2085 655; x_wconf 89' lang='lat' dir='ltr'><strong>numerandum</strong></span> <span class='ocrx_word' id='word_1_60' title='bbox 2122 623 2244 664; x_wconf 86' lang='lat' dir='ltr'><strong>esse,</strong></span> <span class='ocrx_word' id='word_1_61' title='bbox 2281 606 2463 656; x_wconf 90' lang='lat' dir='ltr'><strong>indicat</strong></span> <span class='ocrx_word' id='word_1_62' title='bbox 2481 606 2655 656; x_wconf 85' lang='lat' dir='ltr'><strong>Cicero</strong></span> 
     </span>
     <span class='ocr_line' id='line_1_7' title="bbox 126 687 2653 755; baseline 0 -17"><span class='ocrx_word' id='word_1_63' title='bbox 126 689 175 738; x_wconf 89' lang='lat' dir='ltr'><strong>in</strong></span> <span class='ocrx_word' id='word_1_64' title='bbox 213 689 372 737; x_wconf 86' lang='lat' dir='ltr'><strong>Bruto</strong></span> <span class='ocrx_word' id='word_1_65' title='bbox 406 705 445 737; x_wconf 87' lang='lat' dir='ltr'><strong>c.</strong></span> <span class='ocrx_word' id='word_1_66' title='bbox 481 688 560 738; x_wconf 77' lang='lat'><strong>82.</strong></span> <span class='ocrx_word' id='word_1_67' title='bbox 610 690 696 749; x_wconf 90' lang='lat' dir='ltr'><strong>„ln</strong></span> <span class='ocrx_word' id='word_1_68' title='bbox 731 706 827 755; x_wconf 91' lang='lat' dir='ltr'><strong>quo</strong></span> <span class='ocrx_word' id='word_1_69' title='bbox 864 689 1008 739; x_wconf 84' lang='lat' dir='ltr'><strong>etiam</strong></span> <span class='ocrx_word' id='word_1_70' title='bbox 1044 688 1161 738; x_wconf 88' lang='lat' dir='ltr'><strong>illud</strong></span> <span class='ocrx_word' id='word_1_71' title='bbox 1200 704 1405 754; x_wconf 87' lang='lat' dir='ltr'><strong>quaero,</strong></span> <span class='ocrx_word' id='word_1_72' title='bbox 1454 688 1720 737; x_wconf 73' lang='lat' dir='ltr'><strong>Phalereus</strong></span> <span class='ocrx_word' id='word_1_73' title='bbox 1765 687 1844 736; x_wconf 91' lang='lat' dir='ltr'><strong>ille</strong></span> <span class='ocrx_word' id='word_1_74' title='bbox 1883 688 2158 738; x_wconf 83' lang='lat' dir='ltr'><strong>Demetrius</strong></span> <span class='ocrx_word' id='word_1_75' title='bbox 2195 690 2422 739; x_wconf 88' lang='lat' dir='ltr'><strong>Atticene</strong></span> <span class='ocrx_word' id='word_1_76' title='bbox 2459 689 2653 738; x_wconf 86' lang='lat' dir='ltr'><strong>dixerit.</strong></span> 
     </span>
     <span class='ocr_line' id='line_1_8' title="bbox 128 762 2657 837; baseline -0 -17"><span class='ocrx_word' id='word_1_77' title='bbox 128 771 247 820; x_wconf 85' lang='lat' dir='ltr'><strong>Mihi</strong></span> <span class='ocrx_word' id='word_1_78' title='bbox 280 772 472 837; x_wconf 90' lang='lat' dir='ltr'><strong>quidem</strong></span> <span class='ocrx_word' id='word_1_79' title='bbox 507 762 571 821; x_wconf 86' lang='lat' dir='ltr'><strong>ex</strong></span> <span class='ocrx_word' id='word_1_80' title='bbox 606 772 737 821; x_wconf 90' lang='lat' dir='ltr'><strong>illius</strong></span> <span class='ocrx_word' id='word_1_81' title='bbox 781 772 1081 821; x_wconf 82' lang='lat' dir='ltr'><strong>orationibus</strong></span> <span class='ocrx_word' id='word_1_82' title='bbox 1113 771 1334 820; x_wconf 86' lang='lat' dir='ltr'><strong>redolere</strong></span> <span class='ocrx_word' id='word_1_83' title='bbox 1368 772 1508 835; x_wconf 89' lang='lat' dir='ltr'><strong>ipsae</strong></span> <span class='ocrx_word' id='word_1_84' title='bbox 1546 771 1767 819; x_wconf 78' lang='lat' dir='ltr'><strong>Athenae</strong></span> <span class='ocrx_word' id='word_1_85' title='bbox 1803 769 2043 819; x_wconf 80' lang='lat' dir='ltr'><strong>videntur.</strong></span> <span class='ocrx_word' id='word_1_86' title='bbox 2125 774 2191 819; x_wconf 81' lang='lat' dir='ltr'><strong>At</strong></span> <span class='ocrx_word' id='word_1_87' title='bbox 2225 782 2301 820; x_wconf 91' lang='lat' dir='ltr'><strong>est</strong></span> <span class='ocrx_word' id='word_1_88' title='bbox 2334 772 2565 831; x_wconf 85' lang='lat' dir='ltr'><strong>floridior,</strong></span> <span class='ocrx_word' id='word_1_89' title='bbox 2604 783 2657 820; x_wconf 87' lang='lat' dir='ltr'><strong>ut</strong></span> 
     </span>
     <span class='ocr_line' id='line_1_9' title="bbox 127 852 2657 918; baseline -0 -15"><span class='ocrx_word' id='word_1_90' title='bbox 127 853 194 902; x_wconf 87' lang='lat' dir='ltr'><strong>ita</strong></span> <span class='ocrx_word' id='word_1_91' title='bbox 229 853 400 915; x_wconf 89' lang='lat' dir='ltr'><strong>dicam,</strong></span> <span class='ocrx_word' id='word_1_92' title='bbox 435 870 577 918; x_wconf 90' lang='lat' dir='ltr'><strong>quam</strong></span> <span class='ocrx_word' id='word_1_93' title='bbox 606 853 911 917; x_wconf 87' lang='lat' dir='ltr'><strong>Hyperides,</strong></span> <span class='ocrx_word' id='word_1_94' title='bbox 945 869 1087 917; x_wconf 87' lang='lat' dir='ltr'><strong>quam</strong></span> <span class='ocrx_word' id='word_1_95' title='bbox 1115 852 1318 916; x_wconf 85' lang='lat' dir='ltr'><strong>Lysias3</strong></span> <span class='ocrx_word' id='word_1_96' title='bbox 1356 863 1528 902; x_wconf 88' lang='lat' dir='ltr'><strong>natura</strong></span> <span class='ocrx_word' id='word_1_97' title='bbox 1560 853 1798 917; x_wconf 89' lang='lat' dir='ltr'><strong>quaedam</strong></span> <span class='ocrx_word' id='word_1_98' title='bbox 1834 861 1919 901; x_wconf 89' lang='lat' dir='ltr'><strong>aut</strong></span> <span class='ocrx_word' id='word_1_99' title='bbox 1953 854 2176 902; x_wconf 86' lang='lat' dir='ltr'><strong>voluntas</strong></span> <span class='ocrx_word' id='word_1_100' title='bbox 2199 854 2268 901; x_wconf 90' lang='lat' dir='ltr'><strong>ita</strong></span> <span class='ocrx_word' id='word_1_101' title='bbox 2303 855 2491 902; x_wconf 89' lang='lat' dir='ltr'><strong>dicendi</strong></span> <span class='ocrx_word' id='word_1_102' title='bbox 2519 855 2657 902; x_wconf 80' lang='lat' dir='ltr'><strong>suit.“</strong></span> 
     </span>
     <span class='ocr_line' id='line_1_10' title="bbox 128 932 2652 999; baseline 0 -15"><span class='ocrx_word' id='word_1_103' title='bbox 128 936 353 984; x_wconf 88' lang='lat' dir='ltr'><strong>Eundem</strong></span> <span class='ocrx_word' id='word_1_104' title='bbox 401 936 613 983; x_wconf 89' lang='lat' dir='ltr'><strong>medium</strong></span> <span class='ocrx_word' id='word_1_105' title='bbox 654 937 731 983; x_wconf 90' lang='lat' dir='ltr'><strong>vel</strong></span> <span class='ocrx_word' id='word_1_106' title='bbox 778 943 1099 999; x_wconf 87' lang='lat' dir='ltr'><strong>temperatum</strong></span> <span class='ocrx_word' id='word_1_107' title='bbox 1144 935 1335 982; x_wconf 89' lang='lat' dir='ltr'><strong>dicendi</strong></span> <span class='ocrx_word' id='word_1_108' title='bbox 1373 935 1576 998; x_wconf 78' lang='lat' dir='ltr'><strong>genus2)</strong></span> <span class='ocrx_word' id='word_1_109' title='bbox 1616 936 1849 993; x_wconf 86' lang='lat' dir='ltr'><strong>coluisse,</strong></span> <span class='ocrx_word' id='word_1_110' title='bbox 1893 935 2064 982; x_wconf 88' lang='lat' dir='ltr'><strong>Cicero</strong></span> <span class='ocrx_word' id='word_1_111' title='bbox 2097 936 2215 984; x_wconf 81' lang='lat' dir='ltr'><strong>dicit</strong></span> <span class='ocrx_word' id='word_1_112' title='bbox 2245 936 2290 982; x_wconf 92' lang='lat' dir='ltr'><strong>in</strong></span> <span class='ocrx_word' id='word_1_113' title='bbox 2325 936 2461 982; x_wconf 87' lang='lat' dir='ltr'><strong>Orat.</strong></span> <span class='ocrx_word' id='word_1_114' title='bbox 2497 953 2536 983; x_wconf 90' lang='lat' dir='ltr'><strong>c.</strong></span> <span class='ocrx_word' id='word_1_115' title='bbox 2572 932 2652 984; x_wconf 78' lang='grc'><strong>26.</strong></span> 
     </span>
     <span class='ocr_line' id='line_1_11' title="bbox 127 1008 2654 1082; baseline -0.001 -15"><span class='ocrx_word' id='word_1_116' title='bbox 127 1008 207 1071; x_wconf 74' lang='lat'><strong>⁶27,</strong></span> <span class='ocrx_word' id='word_1_117' title='bbox 242 1016 312 1082; x_wconf 85' lang='lat'><strong>(§.</strong></span> <span class='ocrx_word' id='word_1_118' title='bbox 346 1016 610 1080; x_wconf 75' lang='lat'><strong>91—96.)=</strong></span> <span class='ocrx_word' id='word_1_119' title='bbox 662 1015 906 1076; x_wconf 90' lang='lat' dir='ltr'><strong>„Uberius</strong></span> <span class='ocrx_word' id='word_1_120' title='bbox 951 1023 1027 1064; x_wconf 88' lang='lat' dir='ltr'><strong>est</strong></span> <span class='ocrx_word' id='word_1_121' title='bbox 1060 1015 1190 1064; x_wconf 89' lang='lat' dir='ltr'><strong>aliud</strong></span> <span class='ocrx_word' id='word_1_122' title='bbox 1223 1016 1567 1080; x_wconf 85' lang='lat' dir='ltr'><strong>aliquantoque</strong></span> <span class='ocrx_word' id='word_1_123' title='bbox 1600 1016 1872 1076; x_wconf 82' lang='lat' dir='ltr'><strong>robustius,</strong></span> <span class='ocrx_word' id='word_1_124' title='bbox 1923 1032 2064 1080; x_wconf 86' lang='lat' dir='ltr'><strong>quam</strong></span> <span class='ocrx_word' id='word_1_125' title='bbox 2102 1018 2193 1065; x_wconf 93' lang='lat' dir='ltr'><strong>hoc</strong></span> <span class='ocrx_word' id='word_1_126' title='bbox 2229 1017 2429 1077; x_wconf 90' lang='lat' dir='ltr'><strong>humile,</strong></span> <span class='ocrx_word' id='word_1_127' title='bbox 2466 1018 2527 1064; x_wconf 90' lang='lat' dir='ltr'><strong>de</strong></span> <span class='ocrx_word' id='word_1_128' title='bbox 2562 1034 2654 1080; x_wconf 88' lang='lat' dir='ltr'><strong>quo</strong></span> 
     </span>
     <span class='ocr_line' id='line_1_12' title="bbox 128 1097 2655 1163; baseline 0 -17"><span class='ocrx_word' id='word_1_129' title='bbox 128 1100 311 1146; x_wconf 82' lang='lat' dir='ltr'><strong>dictum</strong></span> <span class='ocrx_word' id='word_1_130' title='bbox 347 1106 448 1158; x_wconf 86' lang='lat' dir='ltr'><strong>est3</strong></span> <span class='ocrx_word' id='word_1_131' title='bbox 499 1098 802 1147; x_wconf 85' lang='lat' dir='ltr'><strong>summissius</strong></span> <span class='ocrx_word' id='word_1_132' title='bbox 836 1106 1024 1158; x_wconf 90' lang='lat' dir='ltr'><strong>autem,</strong></span> <span class='ocrx_word' id='word_1_133' title='bbox 1061 1113 1203 1163; x_wconf 87' lang='lat' dir='ltr'><strong>qnam</strong></span> <span class='ocrx_word' id='word_1_134' title='bbox 1234 1097 1378 1156; x_wconf 90' lang='lat' dir='ltr'><strong>illud,</strong></span> <span class='ocrx_word' id='word_1_135' title='bbox 1424 1098 1489 1145; x_wconf 90' lang='lat' dir='ltr'><strong>de</strong></span> <span class='ocrx_word' id='word_1_136' title='bbox 1519 1114 1616 1162; x_wconf 90' lang='lat' dir='ltr'><strong>quo</strong></span> <span class='ocrx_word' id='word_1_137' title='bbox 1644 1097 1743 1162; x_wconf 90' lang='lat' dir='ltr'><strong>jam</strong></span> <span class='ocrx_word' id='word_1_138' title='bbox 1780 1099 1991 1157; x_wconf 89' lang='lat' dir='ltr'><strong>dicetur,</strong></span> <span class='ocrx_word' id='word_1_139' title='bbox 2027 1099 2390 1162; x_wconf 83' lang='lat' dir='ltr'><strong>amplissimum.</strong></span> <span class='ocrx_word' id='word_1_140' title='bbox 2461 1099 2573 1147; x_wconf 86' lang='lat' dir='ltr'><strong>Hoc</strong></span> <span class='ocrx_word' id='word_1_141' title='bbox 2610 1101 2655 1147; x_wconf 93' lang='lat' dir='ltr'><strong>in</strong></span> 
     </span>
     <span class='ocr_line' id='line_1_13' title="bbox 127 1180 2657 1246; baseline 0 -17"><span class='ocrx_word' id='word_1_142' title='bbox 127 1198 306 1246; x_wconf 80' lang='lat' dir='ltr'><strong>genere</strong></span> <span class='ocrx_word' id='word_1_143' title='bbox 340 1198 597 1230; x_wconf 82' lang='lat' dir='ltr'><strong>nervorum</strong></span> <span class='ocrx_word' id='word_1_144' title='bbox 644 1183 719 1229; x_wconf 91' lang='lat' dir='ltr'><strong>vel</strong></span> <span class='ocrx_word' id='word_1_145' title='bbox 757 1181 1024 1240; x_wconf 88' lang='lat' dir='ltr'><strong>minimum,</strong></span> <span class='ocrx_word' id='word_1_146' title='bbox 1070 1180 1324 1229; x_wconf 79' lang='lat' dir='ltr'><strong>suavitatis</strong></span> <span class='ocrx_word' id='word_1_147' title='bbox 1356 1189 1520 1229; x_wconf 87' lang='lat' dir='ltr'><strong>autem</strong></span> <span class='ocrx_word' id='word_1_148' title='bbox 1565 1189 1640 1229; x_wconf 88' lang='lat' dir='ltr'><strong>est</strong></span> <span class='ocrx_word' id='word_1_149' title='bbox 1684 1180 1759 1227; x_wconf 85' lang='lat' dir='ltr'><strong>vel</strong></span> <span class='ocrx_word' id='word_1_150' title='bbox 1808 1181 2081 1243; x_wconf 84' lang='lat' dir='ltr'><strong>plurimum.</strong></span> <span class='ocrx_word' id='word_1_151' title='bbox 2164 1182 2254 1229; x_wconf 77' lang='lat' dir='ltr'><strong>Est</strong></span> <span class='ocrx_word' id='word_1_152' title='bbox 2288 1182 2413 1229; x_wconf 90' lang='lat' dir='ltr'><strong>enim</strong></span> <span class='ocrx_word' id='word_1_153' title='bbox 2451 1181 2657 1246; x_wconf 85' lang='lat' dir='ltr'><strong>plenius,</strong></span> 
     </span>
     <span class='ocr_line' id='line_1_14' title="bbox 129 1263 2658 1328; baseline -0 -16"><span class='ocrx_word' id='word_1_154' title='bbox 129 1280 270 1328; x_wconf 89' lang='lat' dir='ltr'><strong>quam</strong></span> <span class='ocrx_word' id='word_1_155' title='bbox 307 1264 397 1312; x_wconf 87' lang='lat' dir='ltr'><strong>hoc</strong></span> <span class='ocrx_word' id='word_1_156' title='bbox 432 1265 769 1313; x_wconf 74' lang='lat' dir='ltr'><strong>enucleatumz</strong></span> <span class='ocrx_word' id='word_1_157' title='bbox 804 1279 947 1328; x_wconf 88' lang='lat' dir='ltr'><strong>quam</strong></span> <span class='ocrx_word' id='word_1_158' title='bbox 982 1273 1143 1312; x_wconf 92' lang='lat' dir='ltr'><strong>autem</strong></span> <span class='ocrx_word' id='word_1_159' title='bbox 1175 1263 1292 1311; x_wconf 90' lang='lat' dir='ltr'><strong>illud</strong></span> <span class='ocrx_word' id='word_1_160' title='bbox 1327 1271 1548 1311; x_wconf 91' lang='lat' dir='ltr'><strong>ornatum</strong></span> <span class='ocrx_word' id='word_1_161' title='bbox 1579 1263 1928 1327; x_wconf 88' lang='lat' dir='ltr'><strong>copiosumque</strong></span> <span class='ocrx_word' id='word_1_162' title='bbox 1957 1263 2279 1312; x_wconf 87' lang='lat' dir='ltr'><strong>summissius.</strong></span> <span class='ocrx_word' id='word_1_163' title='bbox 2339 1263 2472 1311; x_wconf 84' lang='lat' dir='ltr'><strong>Huic</strong></span> <span class='ocrx_word' id='word_1_164' title='bbox 2498 1265 2658 1312; x_wconf 87' lang='lat' dir='ltr'><strong>omnia</strong></span> 
     </span>
     <span class='ocr_line' id='line_1_15' title="bbox 129 1345 2655 1409; baseline 0 -15"><span class='ocrx_word' id='word_1_165' title='bbox 129 1346 322 1395; x_wconf 81' lang='lat' dir='ltr'><strong>(licendi</strong></span> <span class='ocrx_word' id='word_1_166' title='bbox 357 1355 637 1394; x_wconf 88' lang='lat' dir='ltr'><strong>ornamenta</strong></span> <span class='ocrx_word' id='word_1_167' title='bbox 673 1346 989 1404; x_wconf 84' lang='lat' dir='ltr'><strong>conveniunt,</strong></span> <span class='ocrx_word' id='word_1_168' title='bbox 1036 1345 1394 1409; x_wconf 87' lang='lat' dir='ltr'><strong>plurimumque</strong></span> <span class='ocrx_word' id='word_1_169' title='bbox 1435 1352 1513 1393; x_wconf 86' lang='lat' dir='ltr'><strong>est</strong></span> <span class='ocrx_word' id='word_1_170' title='bbox 1553 1345 1602 1393; x_wconf 89' lang='lat' dir='ltr'><strong>in</strong></span> <span class='ocrx_word' id='word_1_171' title='bbox 1650 1345 1739 1392; x_wconf 89' lang='lat' dir='ltr'><strong>hac</strong></span> <span class='ocrx_word' id='word_1_172' title='bbox 1785 1345 2018 1393; x_wconf 84' lang='lat' dir='ltr'><strong>orationis</strong></span> <span class='ocrx_word' id='word_1_173' title='bbox 2065 1346 2218 1394; x_wconf 79' lang='lat' dir='ltr'><strong>forma</strong></span> <span class='ocrx_word' id='word_1_174' title='bbox 2258 1346 2530 1394; x_wconf 80' lang='lat' dir='ltr'><strong>suavitatis.</strong></span> <span class='ocrx_word' id='word_1_175' title='bbox 2602 1348 2655 1394; x_wconf 90' lang='lat' dir='ltr'><strong>ln</strong></span> 
     </span>
     <span class='ocr_line' id='line_1_16' title="bbox 129 1427 2657 1495; baseline 0 -18"><span class='ocrx_word' id='word_1_176' title='bbox 129 1445 221 1494; x_wconf 84' lang='lat' dir='ltr'><strong>qua</strong></span> <span class='ocrx_word' id='word_1_177' title='bbox 270 1429 405 1478; x_wconf 91' lang='lat' dir='ltr'><strong>multi</strong></span> <span class='ocrx_word' id='word_1_178' title='bbox 451 1430 723 1477; x_wconf 77' lang='lat' dir='ltr'><strong>floruerunt</strong></span> <span class='ocrx_word' id='word_1_179' title='bbox 774 1430 905 1494; x_wconf 87' lang='lat' dir='ltr'><strong>apud</strong></span> <span class='ocrx_word' id='word_1_180' title='bbox 952 1427 1202 1475; x_wconf 81' lang='lat' dir='ltr'><strong>Graecos:</strong></span> <span class='ocrx_word' id='word_1_181' title='bbox 1255 1427 1342 1474; x_wconf 92' lang='lat' dir='ltr'><strong>sed</strong></span> <span class='ocrx_word' id='word_1_182' title='bbox 1393 1427 1659 1475; x_wconf 80' lang='lat' dir='ltr'><strong>Phalereus</strong></span> <span class='ocrx_word' id='word_1_183' title='bbox 1707 1427 1985 1476; x_wconf 88' lang='lat' dir='ltr'><strong>Demetrius</strong></span> <span class='ocrx_word' id='word_1_184' title='bbox 2034 1445 2139 1476; x_wconf 90' lang='lat' dir='ltr'><strong>meo</strong></span> <span class='ocrx_word' id='word_1_185' title='bbox 2178 1428 2363 1495; x_wconf 89' lang='lat' dir='ltr'><strong>judicio</strong></span> <span class='ocrx_word' id='word_1_186' title='bbox 2411 1430 2657 1494; x_wconf 87' lang='lat' dir='ltr'><strong>praestitit</strong></span> 
     </span>
     <span class='ocr_line' id='line_1_17' title="bbox 130 1509 2657 1575; baseline 0 -17"><span class='ocrx_word' id='word_1_187' title='bbox 130 1513 335 1571; x_wconf 85' lang='lat' dir='ltr'><strong>ceteris3</strong></span> <span class='ocrx_word' id='word_1_188' title='bbox 382 1512 522 1575; x_wconf 89' lang='lat' dir='ltr'><strong>cujus</strong></span> <span class='ocrx_word' id='word_1_189' title='bbox 568 1511 722 1559; x_wconf 89' lang='lat' dir='ltr'><strong>oratio</strong></span> <span class='ocrx_word' id='word_1_190' title='bbox 765 1526 873 1558; x_wconf 83' lang='lat' dir='ltr'><strong>cum</strong></span> <span class='ocrx_word' id='word_1_191' title='bbox 910 1510 1081 1559; x_wconf 90' lang='lat' dir='ltr'><strong>sedate</strong></span> <span class='ocrx_word' id='word_1_192' title='bbox 1116 1509 1402 1574; x_wconf 78' lang='lat' dir='ltr'><strong>placideque</strong></span> <span class='ocrx_word' id='word_1_193' title='bbox 1439 1509 1672 1573; x_wconf 88' lang='lat' dir='ltr'><strong>loquitur,</strong></span> <span class='ocrx_word' id='word_1_194' title='bbox 1720 1518 1820 1556; x_wconf 90' lang='lat' dir='ltr'><strong>tum</strong></span> <span class='ocrx_word' id='word_1_195' title='bbox 1860 1510 2105 1557; x_wconf 90' lang='lat' dir='ltr'><strong>illustrant</strong></span> <span class='ocrx_word' id='word_1_196' title='bbox 2139 1527 2269 1569; x_wconf 91' lang='lat' dir='ltr'><strong>eam,</strong></span> <span class='ocrx_word' id='word_1_197' title='bbox 2313 1513 2452 1574; x_wconf 88' lang='lat' dir='ltr'><strong>quasi</strong></span> <span class='ocrx_word' id='word_1_198' title='bbox 2485 1514 2657 1559; x_wconf 87' lang='lat' dir='ltr'><strong>stellae</strong></span> 
     </span>
     <span class='ocr_line' id='line_1_18' title="bbox 130 1589 2656 1659; baseline 0 -19"><span class='ocrx_word' id='word_1_199' title='bbox 130 1593 381 1657; x_wconf 88' lang='lat' dir='ltr'><strong>quaedam,</strong></span> <span class='ocrx_word' id='word_1_200' title='bbox 420 1593 594 1641; x_wconf 85' lang='lat' dir='ltr'><strong>tralata</strong></span> <span class='ocrx_word' id='word_1_201' title='bbox 630 1593 776 1640; x_wconf 88' lang='lat' dir='ltr'><strong>verba</strong></span> <span class='ocrx_word' id='word_1_202' title='bbox 813 1599 959 1654; x_wconf 86' lang='lat' dir='ltr'><strong>atque</strong></span> <span class='ocrx_word' id='word_1_203' title='bbox 991 1590 1257 1659; x_wconf 77' lang='lat' dir='ltr'><strong>immutata.</strong></span> <span class='ocrx_word' id='word_1_204' title='bbox 1328 1589 1528 1640; x_wconf 84' lang='lat' dir='ltr'><strong>Tralata</strong></span> <span class='ocrx_word' id='word_1_205' title='bbox 1563 1606 1619 1639; x_wconf 90' lang='lat' dir='ltr'><strong>ea</strong></span> <span class='ocrx_word' id='word_1_206' title='bbox 1653 1589 1776 1650; x_wconf 90' lang='lat' dir='ltr'><strong>dico,</strong></span> <span class='ocrx_word' id='word_1_207' title='bbox 1815 1597 1870 1650; x_wconf 87' lang='lat' dir='ltr'><strong>ut</strong></span> <span class='ocrx_word' id='word_1_208' title='bbox 1905 1606 2053 1654; x_wconf 82' lang='lat' dir='ltr'><strong>saepe</strong></span> <span class='ocrx_word' id='word_1_209' title='bbox 2080 1590 2195 1655; x_wconf 87' lang='lat' dir='ltr'><strong>jam,</strong></span> <span class='ocrx_word' id='word_1_210' title='bbox 2242 1607 2367 1655; x_wconf 89' lang='lat' dir='ltr'><strong>quae</strong></span> <span class='ocrx_word' id='word_1_211' title='bbox 2403 1608 2491 1656; x_wconf 89' lang='lat' dir='ltr'><strong>per</strong></span> <span class='ocrx_word' id='word_1_212' title='bbox 2525 1593 2656 1641; x_wconf 90' lang='lat' dir='ltr'><strong>simi-</strong></span> 
     </span>
     <span class='ocr_line' id='line_1_19' title="bbox 131 1671 2658 1739; baseline -0 -15"><span class='ocrx_word' id='word_1_213' title='bbox 131 1674 383 1724; x_wconf 89' lang='lat' dir='ltr'><strong>litudinem</strong></span> <span class='ocrx_word' id='word_1_214' title='bbox 428 1676 487 1723; x_wconf 89' lang='lat' dir='ltr'><strong>ab</strong></span> <span class='ocrx_word' id='word_1_215' title='bbox 535 1674 626 1723; x_wconf 90' lang='lat' dir='ltr'><strong>alia</strong></span> <span class='ocrx_word' id='word_1_216' title='bbox 671 1691 725 1723; x_wconf 90' lang='lat' dir='ltr'><strong>re</strong></span> <span class='ocrx_word' id='word_1_217' title='bbox 769 1683 854 1722; x_wconf 92' lang='lat' dir='ltr'><strong>aut</strong></span> <span class='ocrx_word' id='word_1_218' title='bbox 899 1671 1153 1722; x_wconf 87' lang='lat' dir='ltr'><strong>suavitatis</strong></span> <span class='ocrx_word' id='word_1_219' title='bbox 1188 1677 1274 1721; x_wconf 88' lang='lat' dir='ltr'><strong>aut</strong></span> <span class='ocrx_word' id='word_1_220' title='bbox 1305 1671 1500 1737; x_wconf 84' lang='lat' dir='ltr'><strong>inopiae</strong></span> <span class='ocrx_word' id='word_1_221' title='bbox 1533 1689 1681 1721; x_wconf 91' lang='lat' dir='ltr'><strong>causa</strong></span> <span class='ocrx_word' id='word_1_222' title='bbox 1715 1672 2090 1722; x_wconf 80' lang='lat' dir='ltr'><strong>transferuntur.</strong></span> <span class='ocrx_word' id='word_1_223' title='bbox 2166 1673 2365 1734; x_wconf 84' lang='lat' dir='ltr'><strong>Mutata,</strong></span> <span class='ocrx_word' id='word_1_224' title='bbox 2400 1673 2447 1723; x_wconf 91' lang='lat' dir='ltr'><strong>in</strong></span> <span class='ocrx_word' id='word_1_225' title='bbox 2485 1674 2658 1739; x_wconf 88' lang='lat' dir='ltr'><strong>quibus</strong></span> 
     </span>
     <span class='ocr_line' id='line_1_20' title="bbox 131 1753 2655 1825; baseline -0.001 -20"><span class='ocrx_word' id='word_1_226' title='bbox 131 1774 219 1825; x_wconf 86' lang='lat' dir='ltr'><strong>pro</strong></span> <span class='ocrx_word' id='word_1_227' title='bbox 256 1758 405 1806; x_wconf 82' lang='lat' dir='ltr'><strong>verbo</strong></span> <span class='ocrx_word' id='word_1_228' title='bbox 455 1756 651 1823; x_wconf 90' lang='lat' dir='ltr'><strong>proprio</strong></span> <span class='ocrx_word' id='word_1_229' title='bbox 700 1754 955 1822; x_wconf 85' lang='lat' dir='ltr'><strong>subjicitur</strong></span> <span class='ocrx_word' id='word_1_230' title='bbox 989 1754 1143 1814; x_wconf 88' lang='lat' dir='ltr'><strong>aliud,</strong></span> <span class='ocrx_word' id='word_1_231' title='bbox 1187 1753 1315 1818; x_wconf 92' lang='lat' dir='ltr'><strong>quod</strong></span> <span class='ocrx_word' id='word_1_232' title='bbox 1362 1753 1489 1800; x_wconf 90' lang='lat' dir='ltr'><strong>idem</strong></span> <span class='ocrx_word' id='word_1_233' title='bbox 1536 1754 1799 1821; x_wconf 81' lang='lat' dir='ltr'><strong>significat,</strong></span> <span class='ocrx_word' id='word_1_234' title='bbox 1846 1762 2058 1802; x_wconf 88' lang='lat' dir='ltr'><strong>sumtum</strong></span> <span class='ocrx_word' id='word_1_235' title='bbox 2104 1772 2166 1802; x_wconf 80' lang='lat' dir='ltr'><strong>ex</strong></span> <span class='ocrx_word' id='word_1_236' title='bbox 2203 1772 2257 1803; x_wconf 91' lang='lat' dir='ltr'><strong>re</strong></span> <span class='ocrx_word' id='word_1_237' title='bbox 2292 1756 2451 1821; x_wconf 90' lang='lat' dir='ltr'><strong>aliqua</strong></span> <span class='ocrx_word' id='word_1_238' title='bbox 2487 1774 2655 1804; x_wconf 89' lang='lat' dir='ltr'><strong>conse-</strong></span> 
     </span>
     <span class='ocr_line' id='line_1_21' title="bbox 131 1838 2657 1908; baseline -0.001 -18"><span class='ocrx_word' id='word_1_239' title='bbox 131 1843 312 1908; x_wconf 88' lang='lat' dir='ltr'><strong>quenti.</strong></span> <span class='ocrx_word' id='word_1_240' title='bbox 349 1868 414 1875; x_wconf 93' lang='lat'><strong>——</strong></span> <span class='ocrx_word' id='word_1_241' title='bbox 451 1841 596 1888; x_wconf 86' lang='lat' dir='ltr'><strong>Hanc</strong></span> <span class='ocrx_word' id='word_1_242' title='bbox 631 1840 925 1904; x_wconf 78' lang='lat' dir='ltr'><strong>hypallagen</strong></span> <span class='ocrx_word' id='word_1_243' title='bbox 962 1838 1362 1902; x_wconf 88' lang='lat' dir='ltr'><strong>rhetores‚-quia</strong></span> <span class='ocrx_word' id='word_1_244' title='bbox 1404 1839 1541 1902; x_wconf 83' lang='lat' dir='ltr'><strong>quasi</strong></span> <span class='ocrx_word' id='word_1_245' title='bbox 1586 1846 1947 1886; x_wconf 87' lang='lat' dir='ltr'><strong>summutantur</strong></span> <span class='ocrx_word' id='word_1_246' title='bbox 1995 1841 2139 1887; x_wconf 85' lang='lat' dir='ltr'><strong>verba</strong></span> <span class='ocrx_word' id='word_1_247' title='bbox 2187 1856 2274 1904; x_wconf 90' lang='lat' dir='ltr'><strong>pro</strong></span> <span class='ocrx_word' id='word_1_248' title='bbox 2316 1840 2505 1887; x_wconf 81' lang='lat' dir='ltr'><strong>verbis:</strong></span> <span class='ocrx_word' id='word_1_249' title='bbox 2559 1858 2657 1886; x_wconf 88' lang='lat' dir='ltr'><strong>me-</strong></span> 
     </span>
     <span class='ocr_line' id='line_1_22' title="bbox 132 1920 2654 1989; baseline -0.002 -16"><span class='ocrx_word' id='word_1_250' title='bbox 132 1923 397 1989; x_wconf 88' lang='lat' dir='ltr'><strong>tonymiam</strong></span> <span class='ocrx_word' id='word_1_251' title='bbox 436 1922 734 1988; x_wconf 82' lang='lat' dir='ltr'><strong>grammatici</strong></span> <span class='ocrx_word' id='word_1_252' title='bbox 771 1928 960 1980; x_wconf 89' lang='lat' dir='ltr'><strong>vocant,</strong></span> <span class='ocrx_word' id='word_1_253' title='bbox 996 1920 1123 1984; x_wconf 87' lang='lat' dir='ltr'><strong>quod</strong></span> <span class='ocrx_word' id='word_1_254' title='bbox 1161 1920 1352 1969; x_wconf 83' lang='lat' dir='ltr'><strong>nomina</strong></span> <span class='ocrx_word' id='word_1_255' title='bbox 1390 1921 1763 1969; x_wconf 82' lang='lat' dir='ltr'><strong>transferuntur.</strong></span> <span class='ocrx_word' id='word_1_256' title='bbox 1832 1921 2121 1970; x_wconf 88' lang='lat' dir='ltr'><strong>Aristoteles</strong></span> <span class='ocrx_word' id='word_1_257' title='bbox 2157 1931 2318 1970; x_wconf 89' lang='lat' dir='ltr'><strong>autem</strong></span> <span class='ocrx_word' id='word_1_258' title='bbox 2355 1923 2654 1971; x_wconf 87' lang='lat' dir='ltr'><strong>translationi</strong></span> 
     </span>
     <span class='ocr_line' id='line_1_23' title="bbox 132 2000 2655 2071; baseline -0.002 -16"><span class='ocrx_word' id='word_1_259' title='bbox 132 2007 251 2055; x_wconf 88' lang='lat' dir='ltr'><strong>haec</strong></span> <span class='ocrx_word' id='word_1_260' title='bbox 285 2006 394 2071; x_wconf 90' lang='lat' dir='ltr'><strong>ipsa</strong></span> <span class='ocrx_word' id='word_1_261' title='bbox 429 2004 678 2069; x_wconf 82' lang='lat' dir='ltr'><strong>subjungit</strong></span> <span class='ocrx_word' id='word_1_262' title='bbox 710 2011 761 2052; x_wconf 90' lang='lat' dir='ltr'><strong>et</strong></span> <span class='ocrx_word' id='word_1_263' title='bbox 794 2003 1098 2062; x_wconf 87' lang='lat' dir='ltr'><strong>abusionem,</strong></span> <span class='ocrx_word' id='word_1_264' title='bbox 1143 2018 1283 2067; x_wconf 89' lang='lat' dir='ltr'><strong>quam</strong></span> <span class='ocrx_word' id='word_1_265' title='bbox 1319 2000 1625 2066; x_wconf 78' lang='grc' dir='ltr'><em>κατάχρησιν</em></span> <span class='ocrx_word' id='word_1_266' title='bbox 1659 2010 1858 2051; x_wconf 83' lang='lat' dir='ltr'><strong>vocant:</strong></span> <span class='ocrx_word' id='word_1_267' title='bbox 1910 2009 1984 2061; x_wconf 90' lang='lat' dir='ltr'><strong>ut,</strong></span> <span class='ocrx_word' id='word_1_268' title='bbox 2029 2019 2137 2050; x_wconf 92' lang='lat' dir='ltr'><strong>cum</strong></span> <span class='ocrx_word' id='word_1_269' title='bbox 2176 2003 2413 2051; x_wconf 86' lang='lat' dir='ltr'><strong>minutum</strong></span> <span class='ocrx_word' id='word_1_270' title='bbox 2449 2004 2655 2052; x_wconf 89' lang='lat' dir='ltr'><strong>dicimus</strong></span> 
     </span>
     <span class='ocr_line' id='line_1_24' title="bbox 133 2083 2656 2152; baseline -0.002 -15"><span class='ocrx_word' id='word_1_271' title='bbox 133 2089 343 2137; x_wconf 91' lang='lat' dir='ltr'><strong>animum</strong></span> <span class='ocrx_word' id='word_1_272' title='bbox 388 2103 478 2152; x_wconf 90' lang='lat' dir='ltr'><strong>pro</strong></span> <span class='ocrx_word' id='word_1_273' title='bbox 518 2101 668 2150; x_wconf 88' lang='lat' dir='ltr'><strong>parvo</strong></span> <span class='ocrx_word' id='word_1_274' title='bbox 715 2092 764 2134; x_wconf 90' lang='lat' dir='ltr'><strong>et</strong></span> <span class='ocrx_word' id='word_1_275' title='bbox 806 2083 1051 2133; x_wconf 87' lang='lat' dir='ltr'><strong>abutimur</strong></span> <span class='ocrx_word' id='word_1_276' title='bbox 1085 2083 1246 2133; x_wconf 88' lang='lat' dir='ltr'><strong>verbis</strong></span> <span class='ocrx_word' id='word_1_277' title='bbox 1290 2084 1597 2149; x_wconf 87' lang='lat' dir='ltr'><strong>propinquis,</strong></span> <span class='ocrx_word' id='word_1_278' title='bbox 1643 2084 1682 2132; x_wconf 90' lang='lat' dir='ltr'><strong>si</strong></span> <span class='ocrx_word' id='word_1_279' title='bbox 1719 2099 1844 2148; x_wconf 91' lang='lat' dir='ltr'><strong>opus</strong></span> <span class='ocrx_word' id='word_1_280' title='bbox 1888 2093 1984 2142; x_wconf 91' lang='lat' dir='ltr'><strong>est,</strong></span> <span class='ocrx_word' id='word_1_281' title='bbox 2032 2085 2108 2132; x_wconf 87' lang='lat' dir='ltr'><strong>vel</strong></span> <span class='ocrx_word' id='word_1_282' title='bbox 2145 2084 2274 2148; x_wconf 88' lang='lat' dir='ltr'><strong>quod</strong></span> <span class='ocrx_word' id='word_1_283' title='bbox 2309 2085 2541 2143; x_wconf 84' lang='lat' dir='ltr'><strong>delectat,</strong></span> <span class='ocrx_word' id='word_1_284' title='bbox 2579 2087 2656 2132; x_wconf 81' lang='lat' dir='ltr'><strong>vel</strong></span> 
     </span>
     <span class='ocr_line' id='line_1_25' title="bbox 132 2163 2656 2235; baseline -0.001 -17"><span class='ocrx_word' id='word_1_285' title='bbox 132 2170 260 2235; x_wconf 86' lang='lat' dir='ltr'><strong>quod</strong></span> <span class='ocrx_word' id='word_1_286' title='bbox 295 2169 450 2218; x_wconf 87' lang='lat' dir='ltr'><strong>decet.</strong></span> <span class='ocrx_word' id='word_1_287' title='bbox 530 2168 639 2216; x_wconf 77' lang='lat' dir='ltr'><strong>Jam</strong></span> <span class='ocrx_word' id='word_1_288' title='bbox 686 2183 795 2215; x_wconf 91' lang='lat' dir='ltr'><strong>cum</strong></span> <span class='ocrx_word' id='word_1_289' title='bbox 838 2166 1090 2214; x_wconf 87' lang='lat' dir='ltr'><strong>fluxerunt</strong></span> <span class='ocrx_word' id='word_1_290' title='bbox 1136 2165 1300 2229; x_wconf 88' lang='lat' dir='ltr'><strong>plures</strong></span> <span class='ocrx_word' id='word_1_291' title='bbox 1346 2166 1604 2214; x_wconf 88' lang='lat' dir='ltr'><strong>continuae</strong></span> <span class='ocrx_word' id='word_1_292' title='bbox 1651 2163 2013 2223; x_wconf 84' lang='lat' dir='ltr'><strong>translationes,</strong></span> <span class='ocrx_word' id='word_1_293' title='bbox 2063 2164 2157 2214; x_wconf 89' lang='lat' dir='ltr'><strong>alia</strong></span> <span class='ocrx_word' id='word_1_294' title='bbox 2206 2166 2348 2230; x_wconf 90' lang='lat' dir='ltr'><strong>plane</strong></span> <span class='ocrx_word' id='word_1_295' title='bbox 2393 2165 2449 2214; x_wconf 86' lang='lat' dir='ltr'><strong>fit</strong></span> <span class='ocrx_word' id='word_1_296' title='bbox 2489 2167 2656 2216; x_wconf 88' lang='lat' dir='ltr'><strong>oratio.</strong></span> 
     </span>
     <span class='ocr_line' id='line_1_26' title="bbox 138 2246 2657 2317; baseline -0.002 -15"><span class='ocrx_word' id='word_1_297' title='bbox 138 2254 309 2317; x_wconf 89' lang='lat' dir='ltr'><strong>ltaque</strong></span> <span class='ocrx_word' id='word_1_298' title='bbox 345 2268 499 2317; x_wconf 85' lang='lat' dir='ltr'><strong>genus</strong></span> <span class='ocrx_word' id='word_1_299' title='bbox 535 2250 627 2298; x_wconf 91' lang='lat' dir='ltr'><strong>hoc</strong></span> <span class='ocrx_word' id='word_1_300' title='bbox 658 2247 839 2298; x_wconf 87' lang='lat' dir='ltr'><strong>Graeci</strong></span> <span class='ocrx_word' id='word_1_301' title='bbox 870 2247 1117 2312; x_wconf 87' lang='lat' dir='ltr'><strong>appellant</strong></span> <span class='ocrx_word' id='word_1_302' title='bbox 1150 2247 1455 2312; x_wconf 72' lang='grc' dir='ltr'><em>ἀλληγορίαν,</em></span> <span class='ocrx_word' id='word_1_303' title='bbox 1492 2247 1683 2296; x_wconf 90' lang='lat' dir='ltr'><strong>nomine</strong></span> <span class='ocrx_word' id='word_1_304' title='bbox 1715 2253 1861 2307; x_wconf 89' lang='lat' dir='ltr'><strong>recte,</strong></span> <span class='ocrx_word' id='word_1_305' title='bbox 1896 2263 2074 2312; x_wconf 84' lang='lat' dir='ltr'><strong>genere</strong></span> <span class='ocrx_word' id='word_1_306' title='bbox 2108 2246 2282 2297; x_wconf 92' lang='lat' dir='ltr'><strong>melius</strong></span> <span class='ocrx_word' id='word_1_307' title='bbox 2318 2247 2412 2308; x_wconf 88' lang='lat' dir='ltr'><strong>ille,</strong></span> <span class='ocrx_word' id='word_1_308' title='bbox 2447 2248 2529 2313; x_wconf 87' lang='lat' dir='ltr'><strong>qui</strong></span> <span class='ocrx_word' id='word_1_309' title='bbox 2565 2248 2657 2297; x_wconf 89' lang='lat' dir='ltr'><strong>ista</strong></span> 
     </span>
     <span class='ocr_line' id='line_1_27' title="bbox 133 2328 2654 2396; baseline -0.002 -11"><span class='ocrx_word' id='word_1_310' title='bbox 133 2335 292 2385; x_wconf 89' lang='lat' dir='ltr'><strong>omnia</strong></span> <span class='ocrx_word' id='word_1_311' title='bbox 338 2331 680 2384; x_wconf 87' lang='lat' dir='ltr'><strong>translationes</strong></span> <span class='ocrx_word' id='word_1_312' title='bbox 725 2337 877 2380; x_wconf 84' lang='lat' dir='ltr'><strong>vocat.</strong></span> <span class='ocrx_word' id='word_1_313' title='bbox 965 2328 1127 2379; x_wconf 89' lang='lat' dir='ltr'><strong>Haec</strong></span> <span class='ocrx_word' id='word_1_314' title='bbox 1179 2329 1544 2395; x_wconf 77' lang='lat' dir='ltr'><strong>frequentat</strong></span> <span class='ocrx_word' id='word_1_315' title='bbox 1596 2329 1939 2378; x_wconf 86' lang='lat' dir='ltr'><strong>Phalereus</strong></span> <span class='ocrx_word' id='word_1_316' title='bbox 1991 2330 2249 2379; x_wconf 85' lang='lat' dir='ltr'><strong>maxime</strong></span> <span class='ocrx_word' id='word_1_317' title='bbox 2292 2338 2502 2396; x_wconf 89' lang='lat' dir='ltr'><strong>suntque</strong></span> <span class='ocrx_word' id='word_1_318' title='bbox 2545 2331 2654 2381; x_wconf 90' lang='lat' dir='ltr'><strong>dul-</strong></span> 
     </span>
     <span class='ocr_line' id='line_1_28' title="bbox 135 2411 2654 2480; baseline -0.002 -13"><span class='ocrx_word' id='word_1_319' title='bbox 135 2419 360 2467; x_wconf 76' lang='lat' dir='ltr'><strong>cissima:</strong></span> <span class='ocrx_word' id='word_1_320' title='bbox 413 2423 463 2464; x_wconf 92' lang='lat' dir='ltr'><strong>et</strong></span> <span class='ocrx_word' id='word_1_321' title='bbox 506 2430 792 2480; x_wconf 90' lang='lat' dir='ltr'><strong>quamquam</strong></span> <span class='ocrx_word' id='word_1_322' title='bbox 838 2411 1093 2462; x_wconf 89' lang='lat' dir='ltr'><strong>translatio</strong></span> <span class='ocrx_word' id='word_1_323' title='bbox 1135 2420 1210 2461; x_wconf 88' lang='lat' dir='ltr'><strong>est</strong></span> <span class='ocrx_word' id='word_1_324' title='bbox 1252 2412 1383 2477; x_wconf 89' lang='lat' dir='ltr'><strong>apud</strong></span> <span class='ocrx_word' id='word_1_325' title='bbox 1431 2429 1540 2462; x_wconf 89' lang='lat' dir='ltr'><strong>enm</strong></span> <span class='ocrx_word' id='word_1_326' title='bbox 1587 2412 1760 2472; x_wconf 88' lang='lat' dir='ltr'><strong>multa,</strong></span> <span class='ocrx_word' id='word_1_327' title='bbox 1806 2420 1963 2461; x_wconf 88' lang='lat' dir='ltr'><strong>tamen</strong></span> <span class='ocrx_word' id='word_1_328' title='bbox 2011 2412 2371 2463; x_wconf 90' lang='lat' dir='ltr'><strong>immutationes</strong></span> <span class='ocrx_word' id='word_1_329' title='bbox 2418 2430 2654 2478; x_wconf 91' lang='lat' dir='ltr'><strong>nusquam</strong></span> 
     </span>
     <span class='ocr_line' id='line_1_29' title="bbox 135 2493 2653 2561; baseline -0.002 -12"><span class='ocrx_word' id='word_1_330' title='bbox 135 2500 420 2551; x_wconf 84' lang='lat' dir='ltr'><strong>crebriores.</strong></span> <span class='ocrx_word' id='word_1_331' title='bbox 471 2497 524 2547; x_wconf 88' lang='lat' dir='ltr'><strong>ln</strong></span> <span class='ocrx_word' id='word_1_332' title='bbox 560 2495 687 2546; x_wconf 90' lang='lat' dir='ltr'><strong>idem</strong></span> <span class='ocrx_word' id='word_1_333' title='bbox 725 2512 877 2560; x_wconf 87' lang='lat' dir='ltr'><strong>genus</strong></span> <span class='ocrx_word' id='word_1_334' title='bbox 911 2493 1142 2544; x_wconf 90' lang='lat' dir='ltr'><strong>orationis</strong></span> <span class='ocrx_word' id='word_1_335' title='bbox 1176 2493 1370 2559; x_wconf 88' lang='lat' dir='ltr'><strong>(loquor</strong></span> <span class='ocrx_word' id='word_1_336' title='bbox 1394 2494 1517 2545; x_wconf 90' lang='lat' dir='ltr'><strong>enim</strong></span> <span class='ocrx_word' id='word_1_337' title='bbox 1552 2494 1615 2543; x_wconf 87' lang='lat' dir='ltr'><strong>de</strong></span> <span class='ocrx_word' id='word_1_338' title='bbox 1648 2494 1728 2543; x_wconf 91' lang='lat' dir='ltr'><strong>illa</strong></span> <span class='ocrx_word' id='word_1_339' title='bbox 1765 2493 1951 2544; x_wconf 88' lang='lat' dir='ltr'><strong>modica</strong></span> <span class='ocrx_word' id='word_1_340' title='bbox 1981 2510 2038 2545; x_wconf 87' lang='lat' dir='ltr'><strong>ac</strong></span> <span class='ocrx_word' id='word_1_341' title='bbox 2073 2499 2363 2561; x_wconf 88' lang='lat' dir='ltr'><strong>temperata)</strong></span> <span class='ocrx_word' id='word_1_342' title='bbox 2401 2499 2653 2546; x_wconf 85' lang='lat' dir='ltr'><strong>verborum</strong></span> 
     </span>
    </p>
   </div>
   <div class='ocr_carea' id='block_1_3' title="bbox 197 2663 2659 3154">
    <p class='ocr_par' dir='ltr' id='par_1_3' title="bbox 197 2663 2659 3154">
     <span class='ocr_line' id='line_1_30' title="bbox 197 2663 2655 2721; baseline -0.002 -13"><span class='ocrx_word' id='word_1_343' title='bbox 197 2665 231 2714; x_wconf 89' lang='lat'><strong>¹)</strong></span> <span class='ocrx_word' id='word_1_344' title='bbox 262 2667 539 2721; x_wconf 81' lang='lat' dir='ltr'><strong>Eloquentiam</strong></span> <span class='ocrx_word' id='word_1_345' title='bbox 571 2666 610 2706; x_wconf 86' lang='lat' dir='ltr'><strong>in</strong></span> <span class='ocrx_word' id='word_1_346' title='bbox 641 2665 714 2706; x_wconf 88' lang='lat' dir='ltr'><strong>tria</strong></span> <span class='ocrx_word' id='word_1_347' title='bbox 743 2664 809 2706; x_wconf 87' lang='lat' dir='ltr'><strong>illa</strong></span> <span class='ocrx_word' id='word_1_348' title='bbox 844 2676 1004 2718; x_wconf 84' lang='lat' dir='ltr'><strong>genera,</strong></span> <span class='ocrx_word' id='word_1_349' title='bbox 1036 2663 1223 2712; x_wconf 83' lang='lat' dir='ltr'><strong>Atticum,</strong></span> <span class='ocrx_word' id='word_1_350' title='bbox 1253 2663 1462 2714; x_wconf 84' lang='lat' dir='ltr'><strong>Rhodium,</strong></span> <span class='ocrx_word' id='word_1_351' title='bbox 1495 2665 1682 2705; x_wconf 82' lang='lat' dir='ltr'><strong>Asianum</strong></span> <span class='ocrx_word' id='word_1_352' title='bbox 1713 2664 1897 2704; x_wconf 86' lang='lat' dir='ltr'><strong>rhetores</strong></span> <span class='ocrx_word' id='word_1_353' title='bbox 1926 2666 2158 2717; x_wconf 85' lang='lat' dir='ltr'><strong>partiuntur.</strong></span> <span class='ocrx_word' id='word_1_354' title='bbox 2205 2666 2284 2705; x_wconf 87' lang='lat' dir='ltr'><strong>Cic.</strong></span> <span class='ocrx_word' id='word_1_355' title='bbox 2319 2666 2355 2704; x_wconf 90' lang='lat' dir='ltr'><strong>in</strong></span> <span class='ocrx_word' id='word_1_356' title='bbox 2387 2665 2508 2705; x_wconf 83' lang='lat' dir='ltr'><strong>Bruto</strong></span> <span class='ocrx_word' id='word_1_357' title='bbox 2533 2677 2567 2705; x_wconf 92' lang='lat' dir='ltr'><strong>c.</strong></span> <span class='ocrx_word' id='word_1_358' title='bbox 2590 2664 2655 2706; x_wconf 83' lang='lat'><strong>13.</strong></span> 
     </span>
     <span class='ocr_line' id='line_1_31' title="bbox 270 2732 2655 2789; baseline -0.001 -9"><span class='ocrx_word' id='word_1_359' title='bbox 270 2738 392 2785; x_wconf 87' lang='lat' dir='ltr'><strong>„Nam</strong></span> <span class='ocrx_word' id='word_1_360' title='bbox 423 2741 465 2779; x_wconf 86' lang='lat' dir='ltr'><strong>ut</strong></span> <span class='ocrx_word' id='word_1_361' title='bbox 494 2735 619 2779; x_wconf 89' lang='lat' dir='ltr'><strong>semel</strong></span> <span class='ocrx_word' id='word_1_362' title='bbox 648 2748 673 2777; x_wconf 90' lang='lat' dir='ltr'><strong>e</strong></span> <span class='ocrx_word' id='word_1_363' title='bbox 700 2736 826 2778; x_wconf 84' lang='lat' dir='ltr'><strong>Piraeo</strong></span> <span class='ocrx_word' id='word_1_364' title='bbox 857 2734 1087 2788; x_wconf 83' lang='lat' dir='ltr'><strong>eloquentia</strong></span> <span class='ocrx_word' id='word_1_365' title='bbox 1117 2739 1258 2776; x_wconf 86' lang='lat' dir='ltr'><strong>evecta</strong></span> <span class='ocrx_word' id='word_1_366' title='bbox 1289 2738 1372 2785; x_wconf 88' lang='lat' dir='ltr'><strong>est,</strong></span> <span class='ocrx_word' id='word_1_367' title='bbox 1409 2732 1550 2776; x_wconf 74' lang='lat' dir='ltr'><strong>‘omnes</strong></span> <span class='ocrx_word' id='word_1_368' title='bbox 1587 2736 1812 2788; x_wconf 85' lang='lat' dir='ltr'><strong>peragravit</strong></span> <span class='ocrx_word' id='word_1_369' title='bbox 1841 2736 2012 2786; x_wconf 86' lang='lat' dir='ltr'><strong>insulas,</strong></span> <span class='ocrx_word' id='word_1_370' title='bbox 2053 2741 2173 2789; x_wconf 86' lang='lat' dir='ltr'><strong>atque</strong></span> <span class='ocrx_word' id='word_1_371' title='bbox 2209 2738 2259 2776; x_wconf 87' lang='lat' dir='ltr'><strong>ita</strong></span> <span class='ocrx_word' id='word_1_372' title='bbox 2291 2738 2542 2789; x_wconf 77' lang='lat' dir='ltr'><strong>peregrinata</strong></span> <span class='ocrx_word' id='word_1_373' title='bbox 2575 2743 2655 2779; x_wconf 85' lang='lat' dir='ltr'><strong>tota</strong></span> 
     </span>
     <span class='ocr_line' id='line_1_32' title="bbox 268 2806 2656 2873; baseline -0.002 -20"><span class='ocrx_word' id='word_1_374' title='bbox 268 2812 363 2854; x_wconf 81' lang='lat' dir='ltr'><strong>Asia</strong></span> <span class='ocrx_word' id='word_1_375' title='bbox 393 2813 474 2858; x_wconf 81' lang='lat' dir='ltr'><strong>est,</strong></span> <span class='ocrx_word' id='word_1_376' title='bbox 512 2813 554 2849; x_wconf 88' lang='lat' dir='ltr'><strong>ut</strong></span> <span class='ocrx_word' id='word_1_377' title='bbox 583 2820 629 2848; x_wconf 91' lang='lat' dir='ltr'><strong>se</strong></span> <span class='ocrx_word' id='word_1_378' title='bbox 655 2808 834 2848; x_wconf 84' lang='lat' dir='ltr'><strong>externis</strong></span> <span class='ocrx_word' id='word_1_379' title='bbox 873 2806 1069 2847; x_wconf 84' lang='lat' dir='ltr'><strong>oblineret</strong></span> <span class='ocrx_word' id='word_1_380' title='bbox 1105 2807 1279 2847; x_wconf 90' lang='lat' dir='ltr'><strong>moribus</strong></span> <span class='ocrx_word' id='word_1_381' title='bbox 1322 2816 1561 2859; x_wconf 85' lang='lat' dir='ltr'><strong>omnemque</strong></span> <span class='ocrx_word' id='word_1_382' title='bbox 1595 2807 1701 2847; x_wconf 88' lang='lat' dir='ltr'><strong>illam</strong></span> <span class='ocrx_word' id='word_1_383' title='bbox 1740 2806 2010 2847; x_wconf 83' lang='lat' dir='ltr'><strong>salubritatem</strong></span> <span class='ocrx_word' id='word_1_384' title='bbox 2047 2809 2201 2873; x_wconf 55' lang='lat' dir='ltr'><strong>Atticae</strong></span> <span class='ocrx_word' id='word_1_385' title='bbox 2240 2807 2424 2848; x_wconf 87' lang='lat' dir='ltr'><strong>dictionis</strong></span> <span class='ocrx_word' id='word_1_386' title='bbox 2464 2814 2506 2849; x_wconf 90' lang='lat' dir='ltr'><strong>et</strong></span> <span class='ocrx_word' id='word_1_387' title='bbox 2544 2811 2656 2861; x_wconf 85' lang='lat' dir='ltr'><strong>quasi</strong></span> 
     </span>
     <span class='ocr_line' id='line_1_33' title="bbox 268 2877 2655 2934; baseline -0.002 -9"><span class='ocrx_word' id='word_1_388' title='bbox 268 2883 514 2925; x_wconf 84' lang='lat' dir='ltr'><strong>sanctitatem</strong></span> <span class='ocrx_word' id='word_1_389' title='bbox 545 2878 742 2934; x_wconf 84' lang='lat' dir='ltr'><strong>perderet,</strong></span> <span class='ocrx_word' id='word_1_390' title='bbox 772 2889 820 2919; x_wconf 90' lang='lat' dir='ltr'><strong>ac</strong></span> <span class='ocrx_word' id='word_1_391' title='bbox 848 2877 959 2931; x_wconf 90' lang='lat' dir='ltr'><strong>loqui</strong></span> <span class='ocrx_word' id='word_1_392' title='bbox 990 2889 1101 2931; x_wconf 85' lang='lat' dir='ltr'><strong>paene</strong></span> <span class='ocrx_word' id='word_1_393' title='bbox 1132 2877 1369 2920; x_wconf 80' lang='lat' dir='ltr'><strong>dedisceret.</strong></span> <span class='ocrx_word' id='word_1_394' title='bbox 1438 2877 1535 2917; x_wconf 85' lang='lat' dir='ltr'><strong>Hinc</strong></span> <span class='ocrx_word' id='word_1_395' title='bbox 1563 2878 1729 2918; x_wconf 81' lang='lat' dir='ltr'><strong>Asiatici</strong></span> <span class='ocrx_word' id='word_1_396' title='bbox 1760 2883 1943 2919; x_wconf 86' lang='lat' dir='ltr'><strong>oratores</strong></span> <span class='ocrx_word' id='word_1_397' title='bbox 1973 2890 2050 2919; x_wconf 86' lang='lat' dir='ltr'><strong>non</strong></span> <span class='ocrx_word' id='word_1_398' title='bbox 2082 2880 2359 2920; x_wconf 84' lang='lat' dir='ltr'><strong>contemnendi</strong></span> <span class='ocrx_word' id='word_1_399' title='bbox 2391 2881 2549 2933; x_wconf 89' lang='lat' dir='ltr'><strong>quidem</strong></span> <span class='ocrx_word' id='word_1_400' title='bbox 2580 2894 2655 2922; x_wconf 90' lang='lat' dir='ltr'><strong>nec</strong></span> 
     </span>
     <span class='ocr_line' id='line_1_34' title="bbox 269 2945 2653 3006; baseline -0 -10"><span class='ocrx_word' id='word_1_401' title='bbox 269 2954 474 2998; x_wconf 84' lang='lat' dir='ltr'><strong>celeritate</strong></span> <span class='ocrx_word' id='word_1_402' title='bbox 504 2962 579 2996; x_wconf 88' lang='lat' dir='ltr'><strong>nec</strong></span> <span class='ocrx_word' id='word_1_403' title='bbox 605 2951 730 3006; x_wconf 87' lang='lat' dir='ltr'><strong>copia,</strong></span> <span class='ocrx_word' id='word_1_404' title='bbox 760 2950 831 2992; x_wconf 88' lang='lat' dir='ltr'><strong>sed</strong></span> <span class='ocrx_word' id='word_1_405' title='bbox 861 2961 998 3004; x_wconf 83' lang='lat' dir='ltr'><strong>pamm</strong></span> <span class='ocrx_word' id='word_1_406' title='bbox 1029 2945 1154 3004; x_wconf 86' lang='lat' dir='ltr'><strong>pressi</strong></span> <span class='ocrx_word' id='word_1_407' title='bbox 1184 2953 1224 2989; x_wconf 89' lang='lat' dir='ltr'><strong>et</strong></span> <span class='ocrx_word' id='word_1_408' title='bbox 1252 2950 1364 2989; x_wconf 88' lang='lat' dir='ltr'><strong>nimis</strong></span> <span class='ocrx_word' id='word_1_409' title='bbox 1389 2948 1672 2991; x_wconf 84' lang='lat' dir='ltr'><strong>redundantes.</strong></span> <span class='ocrx_word' id='word_1_410' title='bbox 1716 2950 1861 2992; x_wconf 81' lang='lat' dir='ltr'><strong>Rhodii</strong></span> <span class='ocrx_word' id='word_1_411' title='bbox 1891 2954 2069 2992; x_wconf 79' lang='lat' dir='ltr'><strong>saniores</strong></span> <span class='ocrx_word' id='word_1_412' title='bbox 2092 2956 2130 2991; x_wconf 87' lang='lat' dir='ltr'><strong>et</strong></span> <span class='ocrx_word' id='word_1_413' title='bbox 2153 2951 2373 2993; x_wconf 81' lang='lat' dir='ltr'><strong>Atticorum</strong></span> <span class='ocrx_word' id='word_1_414' title='bbox 2403 2954 2653 2995; x_wconf 67' lang='lat' dir='ltr'><strong>similiores.“</strong></span> 
     </span>
     <span class='ocr_line' id='line_1_35' title="bbox 270 3020 2659 3079; baseline 0.001 -12"><span class='ocrx_word' id='word_1_415' title='bbox 270 3026 319 3069; x_wconf 77' lang='lat' dir='ltr'><strong>ci.</strong></span> <span class='ocrx_word' id='word_1_416' title='bbox 355 3025 515 3077; x_wconf 88' lang='lat' dir='ltr'><strong>Quintil.</strong></span> <span class='ocrx_word' id='word_1_417' title='bbox 547 3024 629 3075; x_wconf 87' lang='grc' dir='ltr'><strong>ΧΙΙ,</strong></span> <span class='ocrx_word' id='word_1_418' title='bbox 660 3021 725 3065; x_wconf 89' lang='grc'><strong>10.</strong></span> <span class='ocrx_word' id='word_1_419' title='bbox 765 3022 1027 3071; x_wconf 80' lang='lat' dir='ltr'><strong>„Asianorum</strong></span> <span class='ocrx_word' id='word_1_420' title='bbox 1058 3020 1216 3076; x_wconf 85' lang='lat' dir='ltr'><strong>quidem</strong></span> <span class='ocrx_word' id='word_1_421' title='bbox 1247 3025 1449 3063; x_wconf 86' lang='lat' dir='ltr'><strong>oratorum</strong></span> <span class='ocrx_word' id='word_1_422' title='bbox 1481 3022 1679 3077; x_wconf 90' lang='lat' dir='ltr'><strong>princeps,</strong></span> <span class='ocrx_word' id='word_1_423' title='bbox 1709 3023 1898 3077; x_wconf 86' lang='lat' dir='ltr'><strong>idemque</strong></span> <span class='ocrx_word' id='word_1_424' title='bbox 1926 3024 2072 3077; x_wconf 88' lang='lat' dir='ltr'><strong>primus</strong></span> <span class='ocrx_word' id='word_1_425' title='bbox 2091 3024 2251 3065; x_wconf 86' lang='lat' dir='ltr'><strong>Atticae</strong></span> <span class='ocrx_word' id='word_1_426' title='bbox 2280 3024 2532 3079; x_wconf 87' lang='lat' dir='ltr'><strong>eloquentiae</strong></span> <span class='ocrx_word' id='word_1_427' title='bbox 2562 3038 2659 3069; x_wconf 89' lang='lat' dir='ltr'><strong>cor-</strong></span> 
     </span>
     <span class='ocr_line' id='line_1_36' title="bbox 272 3093 1466 3154; baseline -0.005 -15"><span class='ocrx_word' id='word_1_428' title='bbox 272 3102 412 3154; x_wconf 82' lang='lat' dir='ltr'><strong>ruptor</strong></span> <span class='ocrx_word' id='word_1_429' title='bbox 440 3098 513 3139; x_wconf 80' lang='lat' dir='ltr'><strong>fuit</strong></span> <span class='ocrx_word' id='word_1_430' title='bbox 541 3097 734 3152; x_wconf 81' lang='lat' dir='ltr'><strong>Hegesias</strong></span> <span class='ocrx_word' id='word_1_431' title='bbox 764 3095 940 3150; x_wconf 85' lang='lat' dir='ltr'><strong>Magnes.</strong></span> <span class='ocrx_word' id='word_1_432' title='bbox 1000 3093 1050 3134; x_wconf 82' lang='lat' dir='ltr'><strong>cf.</strong></span> <span class='ocrx_word' id='word_1_433' title='bbox 1083 3094 1163 3135; x_wconf 91' lang='lat' dir='ltr'><strong>Cic.</strong></span> <span class='ocrx_word' id='word_1_434' title='bbox 1194 3094 1313 3134; x_wconf 82' lang='lat' dir='ltr'><strong>Tusc.</strong></span> <span class='ocrx_word' id='word_1_435' title='bbox 1344 3094 1372 3134; x_wconf 88' lang='lat'><strong>1.</strong></span> <span class='ocrx_word' id='word_1_436' title='bbox 1402 3093 1466 3137; x_wconf 86' lang='grc'><strong>34.</strong></span> 
     </span>
    </p>
   </div>
   <div class='ocr_carea' id='block_1_4' title="bbox 194 3183 2602 3241">
    <p class='ocr_par' dir='ltr' id='par_1_4' title="bbox 194 3183 2602 3241">
     <span class='ocr_line' id='line_1_37' title="bbox 194 3183 2602 3241; baseline 0 -11"><span class='ocrx_word' id='word_1_437' title='bbox 194 3185 233 3236; x_wconf 83' lang='lat'><strong>²)</strong></span> <span class='ocrx_word' id='word_1_438' title='bbox 263 3188 353 3230; x_wconf 86' lang='lat' dir='ltr'><strong>Tria</strong></span> <span class='ocrx_word' id='word_1_439' title='bbox 383 3186 682 3241; x_wconf 84' lang='lat' dir='ltr'><strong>distinguuntur</strong></span> <span class='ocrx_word' id='word_1_440' title='bbox 712 3183 869 3228; x_wconf 91' lang='lat' dir='ltr'><strong>dicendi</strong></span> <span class='ocrx_word' id='word_1_441' title='bbox 900 3195 1062 3237; x_wconf 85' lang='lat' dir='ltr'><strong>genera,</strong></span> <span class='ocrx_word' id='word_1_442' title='bbox 1093 3183 1244 3232; x_wconf 81' lang='lat' dir='ltr'><strong>grande</strong></span> <span class='ocrx_word' id='word_1_443' title='bbox 1276 3183 1338 3226; x_wconf 89' lang='lat' dir='ltr'><strong>vel</strong></span> <span class='ocrx_word' id='word_1_444' title='bbox 1368 3194 1503 3236; x_wconf 82' lang='lat' dir='ltr'><strong>grave,</strong></span> <span class='ocrx_word' id='word_1_445' title='bbox 1543 3187 1664 3225; x_wconf 87' lang='lat' dir='ltr'><strong>tenue</strong></span> <span class='ocrx_word' id='word_1_446' title='bbox 1695 3184 1757 3224; x_wconf 86' lang='lat' dir='ltr'><strong>vel</strong></span> <span class='ocrx_word' id='word_1_447' title='bbox 1787 3183 1931 3225; x_wconf 84' lang='lat' dir='ltr'><strong>subtile</strong></span> <span class='ocrx_word' id='word_1_448' title='bbox 1961 3189 2001 3225; x_wconf 87' lang='lat' dir='ltr'><strong>et</strong></span> <span class='ocrx_word' id='word_1_449' title='bbox 2031 3185 2201 3225; x_wconf 88' lang='lat' dir='ltr'><strong>medium</strong></span> <span class='ocrx_word' id='word_1_450' title='bbox 2234 3185 2296 3226; x_wconf 83' lang='lat' dir='ltr'><strong>vel</strong></span> <span class='ocrx_word' id='word_1_451' title='bbox 2328 3190 2602 3240; x_wconf 85' lang='lat' dir='ltr'><strong>temperatum.</strong></span> 
     </span>
    </p>
   </div>
   <div class='ocr_carea' id='block_1_5' title="bbox 2095 3238 2123 3284">
    <p class='ocr_par' dir='ltr' id='par_1_5' title="bbox 2095 3238 2123 3284">
     <span class='ocr_line' id='line_1_38' title="bbox 2095 3238 2123 3284; baseline 0 0"><span class='ocrx_word' id='word_1_452' title='bbox 2095 3238 2123 3284; x_wconf 88' lang='lat'><strong>3</strong></span> 
     </span>
    </p>
   </div>
  </div>
 </body>
</html>
