2853 3836
1414 166 1512 223 16

168 304 471 362 Demetrium
507 312 750 355 oratorem
780 301 1028 352 describit.
1108 301 1274 351 Altero
1308 300 1482 364 ,loco‚¹)
1505 300 1705 353 summis
1735 300 2110 359 Atheniensium
2145 303 2423 357 oratoribus
2450 304 2722 372 descriptis,

163 388 474 454 eloquentiae
511 385 747 436 Demetrii
796 384 1054 451 imaginem
1100 385 1170 436 ita
1216 384 1433 452 effingitz
1483 385 1863 453 „Posteaquam,
1909 386 2165 437 exstinctis
2207 386 2308 449 his,
2352 390 2511 442 omnis
2552 405 2718 443 eorum

163 470 395 521 memoria
432 468 615 520 sensim
654 470 913 519 obscurata
950 475 1029 518 est
1073 478 1124 518 et
1158 468 1385 528 evanuit,
1430 468 1524 518 alia
1568 468 1807 535 quaedam
1852 469 2046 521 dicendi
2093 470 2312 522 molliora
2353 485 2410 520 ac
2443 471 2720 524 remissiora

164 570 343 619 genera
381 552 661 618 viguerunt.
722 551 844 601 Inde
883 551 1229 612 Demochares,
1265 567 1407 616 quem
1444 550 1583 616 ajunt
1617 552 1803 601 sororis
1837 551 1989 603 filium
2033 553 2185 609 fuisse
2221 553 2565 605 Demosthenis
2617 564 2718 606 tum

163 636 518 686 Phalereus
568 636 680 684 ille
729 633 1116 696 Demetrius,
1173 633 1385 686 omnium
1422 633 1652 695 istorum,
1706 650 1811 683 mea
1859 636 2127 697 sententia,
2160 636 2501 701 politissimus,
2542 636 2721 704 aliique

162 736 332 772 eorum
368 720 551 770 similes
586 718 936 771 exstiterunt.“
1007 720 1176 768 Altero
1192 716 1235 783 ²)
1273 719 1380 767 loco
1413 715 1559 767 dicits
1620 716 1923 782 „Phalereus
1949 719 2192 769 suecessit
2225 719 2284 769 iis
2320 721 2521 775 senibus
2555 721 2720 771 adole-

163 821 332 864 scens,
387 801 753 853 eruditissimus
805 802 886 854 ille
927 802 1123 868 quidem
1161 801 1336 852 horum
1384 799 1615 862 omnium,
1664 800 1752 852 sed
1804 816 1901 851 non
1947 808 2047 852 tam
2094 801 2243 853 armis
2274 802 2532 855 institutus
2577 821 2720 871 quam

160 887 423 952 palaestra.
495 885 667 951 ltaque
702 885 980 936 delectabat
1015 884 1169 951 magis
1210 883 1535 936 Athenienses
1569 900 1713 950 quam
1745 884 2085 941 inflammabat.
2158 885 2472 937 Processerat
2507 887 2635 938 enim
2672 889 2720 938 in

158 969 312 1018 solem
350 976 401 1018 et
433 971 710 1033 pulverem,
756 983 851 1017 non
890 975 944 1017 ut
979 983 1006 1017 a
1044 967 1254 1018 militari.
1275 968 1614 1028 tabernaculo,
1650 967 1737 1018 sed
1777 976 1832 1018 ut
1865 984 1894 1018 e
1928 967 2284 1034 Theophrasti,
2330 968 2595 1020 doctissimi
2630 969 2719 1020 ho-

163 1051 327 1111 minis,
373 1051 679 1100 umbraculis.
750 1049 853 1099 Hic
901 1049 1088 1116 primus
1135 1051 1327 1101 inflexit
1361 1050 1628 1103 orationem
1673 1058 1723 1100 et
1768 1066 1873 1100 eam
1912 1051 2103 1101 mollem
2141 1057 2457 1117 teneramque
2490 1051 2720 1112 reddidit,

161 1141 213 1184 et
238 1132 419 1195 suavis,
457 1132 587 1183 sicut
623 1133 730 1195 suit,
768 1133 923 1184 videri
953 1133 1124 1202 maluit
1152 1149 1294 1200 quam
1322 1134 1511 1199 gravis3
1545 1131 1634 1182 sed
1666 1131 1912 1183 suavitate
1942 1149 2013 1196 ea,
2048 1149 2143 1200 qua
2171 1133 2487 1200 perfunderet
2521 1135 2719 1197 animos,

159 1233 258 1267 non
290 1232 388 1282 *qua
425 1215 811 1282 perstringeretz
865 1223 1055 1267 tantum
1094 1224 1148 1267 ut
1185 1215 1465 1266 memoriam
1501 1214 1847 1266 concinnitatis
1883 1231 2003 1267 suae
2045 1232 2166 1276 non,
2211 1216 2619 1281 quemadmodum
2658 1218 2720 1268 de

162 1299 356 1351 Pericle
390 1299 596 1365 scripsitv
629 1299 857 1364 Eupolis,
905 1316 1014 1349 cum
1053 1298 1379 1349 delectatione
1414 1297 1613 1348 aculeos
1650 1296 1799 1348 etiam
1837 1298 2137 1364 relinqueret
2176 1298 2223 1348 in
2264 1298 2438 1351 animis
2474 1317 2660 1361 eorum,
2691 1318 2718 1350 a

160 1382 338 1448 quibus
369 1390 502 1433 esset
536 1381 832 1447 auditus.“³)
918 1382 1065 1447 Quod
1104 1381 1345 1449 judicium
1391 1380 1454 1432 de
1503 1380 1753 1433 Demetrio
1796 1397 1825 1431 a
1862 1380 2100 1432 Cicerone
2144 1381 2324 1433 sactum
2372 1384 2720 1448 comprobatur

159 1464 464 1531 Quintiliano
511 1465 629 1515 lnst.
670 1474 790 1516 orat.
830 1465 892 1524 X,
933 1469 975 1515 l.
1008 1465 1090 1515 So.
1162 1464 1327 1531 „Quin
1364 1464 1508 1515 etiam
1548 1463 1784 1515 Phalerea
1820 1465 1955 1515 illum
1994 1465 2313 1526 Demetrium,
2348 1482 2639 1531 quamquam
2676 1467 2718 1517 is

160 1548 351 1616 primus
379 1548 642 1598 inclinasse
678 1549 1002 1614 eloquentiam
1040 1548 1242 1609 dicitur,
1294 1549 1499 1598 multum
1546 1547 1724 1613 ingenii
1771 1547 2001 1597 habuisse
2036 1556 2087 1598 et
2124 1548 2382 1600 facundiae
2417 1548 2596 1610 fateor,
2644 1552 2716 1598 vel

161 1634 223 1680 ob
258 1633 351 1680 hoc
390 1632 620 1679 memoria
658 1632 869 1697 dignum,
907 1632 1036 1697 quod
1078 1632 1277 1679 ultimus
1313 1639 1389 1678 est
1425 1631 1527 1679 fere
1563 1647 1626 1679 ex
1665 1630 1855 1692 Atticis,
1892 1632 1974 1698 qui
2011 1631 2120 1686 diciv
2149 1632 2302 1697 possit
2338 1641 2528 1681 orator:
2576 1649 2717 1699 quem

160 1720 322 1763 tamen
370 1714 417 1762 in
457 1714 538 1762 illo
576 1715 734 1764 medio
780 1731 960 1779 genere
1006 1715 1198 1763 dicendi
1246 1714 1458 1779 praefert
1504 1714 1730 1763 omnibus
1776 1715 2057 1777 eicerem).
2132 1715 2248 1765 lnst.
2288 1723 2406 1764 orat.
2445 1715 2504 1764 X.
2550 1717 2586 1763 Ι.
2637 1716 2715 1764 33.

157 1795 320 1858 „Dum
352 1794 399 1846 in
438 1795 534 1858 his,
578 1795 640 1847 de
676 1795 852 1863 quibus
899 1796 994 1849 erit
1043 1795 1289 1863 quaestio,
1340 1795 1700 1847 meminerimus
1736 1813 1829 1847 non
1866 1796 2159 1848 athletarum
2196 1804 2354 1860 torae,
2390 1796 2475 1849 sed
2516 1796 2715 1848 militum

160 1880 372 1930 lacertos
410 1897 542 1940 esse,
581 1896 669 1929 nec
708 1881 1053 1931 versicolorem
1086 1879 1217 1930 illam
1233 1881 1293 1943 ⁶),
1341 1895 1436 1944 qua
1477 1879 1758 1931 Demetrius
1798 1879 2065 1930 Phalereus
2100 1879 2354 1931 dicebatur
2389 1881 2482 1941 uti,
2532 1888 2715 1930 vestem

162 1965 286 2013 bene
321 1963 381 2011 ad
421 1963 663 2013 forensem
703 1963 955 2028 pulverem
996 1963 1202 2012 sacere.“
1280 1963 1388 2012 dam
1435 1979 1500 2012 ex
1548 1962 1623 2011 his
1661 1962 1933 2024 Ciceronis,
1986 1963 2287 2013 subtilissimi
2325 1972 2374 2013 et
2410 1963 2631 2013 acerrimi
2668 1964 2713 2012 in

158 2035 249 2099 hac
286 2063 339 2094 re
375 2045 581 2110 judicis,
625 2052 675 2093 et
717 2044 1007 2109 Quintiliani
1057 2044 1374 2105 testimoniis,
1422 2045 1504 2111 qui
1554 2044 1881 2106 Demetrium,
1933 2044 2074 2111 cujus
2120 2055 2254 2095 aetas
2302 2047 2351 2095 in
2396 2064 2452 2095 ea
2501 2055 2713 2115 tempora

160 2128 345 2188 incidit,
381 2144 506 2193 quae
537 2144 630 2176 non
664 2128 819 2176 solum
856 2144 1072 2176 summos
1101 2136 1319 2176 oratores
1347 2126 1715 2195 jamyiderant,
1750 2128 1836 2178 sed
1872 2129 2030 2190 etiam,
2064 2127 2288 2180 libertate
2311 2130 2517 2191 sublata,
2555 2129 2715 2197 iniqua

221 2293 256 2348 ¹)
288 2298 365 2339 Cic.
401 2298 451 2338 de
482 2302 581 2338 orat.
613 2297 658 2338 ll.
694 2296 761 2338 23.

214 2364 256 2415 ²)
286 2371 367 2411 Cic.
400 2371 506 2410 Brut.
541 2382 626 2422 cap.
660 2371 698 2410 9.

214 2438 253 2488 ⁸)
285 2442 415 2483 Aliter
445 2442 495 2482 de
526 2442 711 2482 Demetrii
745 2442 837 2483 stilo
874 2443 1029 2497 judicat
1060 2443 1265 2495 Diogenes
1294 2442 1426 2483 Laeti.
1465 2442 1512 2482 V.
1546 2443 1584 2483 5.
1617 2441 1683 2483 82.
1743 2438 1941 2492 χαρακτὴρ
1985 2440 2028 2479 δὲ
2069 2437 2298 2493 φιλόσοφος,
2340 2439 2488 2490 εὐτονίᾳ
2530 2441 2712 2493 ῥητορικῇ

291 2514 357 2551 καὶ
387 2507 542 2561 δυνάμει
572 2514 809 2562 κεκραμένος.

214 2584 254 2639 ⁴)
285 2587 337 2628 cs.
371 2587 453 2628 Cic.
486 2588 524 2626 in
558 2587 668 2628 Orat.
700 2599 734 2626 c.
766 2587 831 2627 27.
873 2587 985 2633 „Hoc
1015 2588 1054 2628 in
1087 2599 1260 2639 genere,
1290 2598 1506 2627 nervorum
1537 2586 1600 2627 vel
1633 2587 1854 2635 minimum,
1896 2588 2105 2627 suavitatis
2135 2591 2269 2628 autem
2303 2592 2364 2629 est
2393 2587 2457 2628 vel
2490 2587 2713 2641 plurimum.

292 2660 365 2702 Est
394 2660 498 2701 enim
529 2660 698 2712 plenius,
731 2671 847 2712 quam
878 2660 956 2700 hoc
987 2659 1264 2701 enucleatum:
1306 2671 1424 2712 quam
1455 2663 1586 2699 autem
1618 2658 1714 2699 illud
1745 2663 1928 2700 ornatum
1959 2659 2263 2713 copiosumque,
2295 2662 2555 2703 summissius.
2615 2661 2713 2701 Huic

290 2734 421 2774 omnia
462 2732 623 2773 dicendi
663 2737 893 2773 ornamenta
931 2733 1197 2782 conveniunt,
1239 2731 1534 2785 plurimumque
1573 2736 1636 2772 est
1676 2733 1714 2774 in
1755 2731 1831 2772 hac
1871 2732 2064 2773 orationis
2104 2731 2228 2774 forma
2268 2734 2486 2776 suavitatis.
2554 2733 2596 2774 ln
2636 2745 2712 2786 qua

294 2805 403 2846 multi
435 2805 661 2846 floruerunt
691 2804 797 2858 apud
828 2805 1021 2846 Graecos:
1066 2805 1140 2846 sed
1172 2803 1389 2847 Phalereus
1418 2804 1645 2845 Demetrius
1678 2815 1768 2844 meo
1807 2803 1955 2857 judicio
1994 2805 2187 2858 praestitit
2229 2806 2393 2857 celeris;
2440 2806 2555 2859 cujus
2585 2807 2712 2846 oratio

294 2889 385 2918 cum
415 2877 553 2918 sedate
582 2877 825 2932 placideque
854 2876 1049 2930 loquitur,
1092 2883 1173 2919 tum
1204 2877 1406 2919 illustrant
1436 2889 1544 2929 eam,
1586 2878 1700 2930 quasi
1730 2875 1873 2920 stellae
1911 2877 2128 2931 quaedam,
2161 2877 2303 2919 tralata
2334 2878 2457 2919 verba
2486 2881 2608 2931 alque
2637 2880 2712 2919 im-

295 2952 486 2992 mutata.“

216 3020 253 3071 ⁵)
284 3023 366 3067 Cic.
398 3024 437 3065 in
471 3022 592 3065 Bruto
624 3035 658 3064 c.
690 3023 729 3064 9.
765 3022 900 3070 „llaec
933 3021 1036 3064 enim
1068 3027 1175 3064 aetas
1206 3021 1457 3079 (Hyperidis,
1488 3022 1715 3075 Aeschinis,
1746 3021 1937 3078 Lycurgi,
1972 3021 2173 3073 Dinarchi,
2204 3020 2410 3066 Demadis)
2442 3021 2579 3064 effudit
2611 3023 2711 3072 hanc

291 3098 468 3151 copiam;
517 3100 577 3146 et,
618 3101 660 3135 ut
700 3097 834 3150 opinio
875 3107 964 3137 mea
1004 3094 1100 3144 fert,
1141 3107 1286 3137 succus
1324 3095 1390 3136 ille
1427 3099 1468 3135 et
1504 3095 1669 3150 sanguis
1706 3095 1963 3148 incorruptus
2006 3105 2137 3146 nsque
2173 3092 2222 3133 ad
2263 3093 2367 3134 hanc
2406 3100 2573 3136 aetatem
2615 3106 2711 3136 ora-

290 3176 421 3211 torum
454 3171 545 3220 fuit,
585 3172 622 3210 in
658 3181 735 3223 qua
768 3170 959 3211 naturalis
992 3170 1161 3220 inesset,
1202 3180 1280 3209 non
1311 3169 1469 3210 fucatus
1507 3169 1624 3208 nitor.
1686 3168 1903 3210 Phalereus
1941 3168 2045 3207 enim
2084 3169 2281 3211 successit
2319 3169 2367 3209 iis
2405 3170 2569 3211 senibus
2610 3170 2712 3210 ado..

293 3243 451 3285 lescens
483 3244 584 3283 etc.“
