2853 3836
1360 155 1458 216 11

138 292 267 361 regis
289 296 341 342 et
362 303 509 358 opera
534 290 728 357 quidem
757 289 991 341 Demetrii
1028 289 1248 341 Phalerei
1275 306 1575 340 conversam.
1611 290 1978 357 Διηρμήνευται
2011 289 2106 357 γὰρ
2140 293 2235 358 πρὸ
2261 293 2548 360 Δημητρίου
2584 300 2673 343 τοῦ

145 388 411 453 Φαληρέως
440 384 503 436 δι’
538 391 713 452 ἑτέρων
734 385 829 452 πρὸ
854 389 944 433 τοῦ
978 384 1288 452 Ἀλεξάνδρου
1320 384 1402 431 καὶ
1423 385 1641 449 Περσῶν
1674 385 2036 453 ἐπικρατήσεως
2060 389 2157 436 κτλ.
2207 388 2261 435 Ἠ
2291 386 2422 455 δ’ὄλη
2448 391 2675 456 ἑρμηνεία

141 484 239 528 τῶν
282 480 366 529 διὰ
410 484 499 529 τοῦ
533 479 687 543 νόμου
729 478 926 526 πάντων
968 478 1048 527 ἐπὶ
1088 483 1181 527 τοῦ
1218 479 1698 543 προςαγορευθέντος
1737 481 2054 548 Φιλαδέλφου
2097 484 2351 542 βασιλέως,
2386 486 2675 549 Δημητρίου

140 580 229 624 τοῦ
270 573 537 639 Φαληρέως
584 578 1085 639 πραγματευσαμένου
1131 569 1194 619 τὰ
1237 571 1347 637 περὶ
1392 569 1647 636 τούτων.ῑ)
1720 572 1940 622 Eundem
1976 575 2315 625 Aristobulum
2350 576 2568 642 ejusdem
2607 579 2674 626 rei

140 667 314 709 testem
350 657 518 706 laudat
543 657 767 707 Clemens
792 655 1156 707 Alexandrinus
1182 654 1231 703 in
1252 654 1478 704 Stromm.
1500 654 1536 704 l.
1593 653 1689 704 Alii
1712 671 1826 704 vero
1862 656 2044 720 antiqui
2077 667 2287 719 autores,
2325 659 2406 724 qui
2442 659 2675 710 Demetrii

140 732 366 819 Phalerei
400 739 545 789 vitam
575 739 984 806 conscripserunt,
1019 745 1076 787 ut
1105 735 1348 802 Diogenes
1376 735 1619 797 Laertius,
1657 737 1733 787 vel
1770 737 1980 803 alioquin
2018 740 2304 790 mentionem
2342 739 2450 809 ejus
2481 743 2675 808 scriptis

139 822 242 873 suis
277 823 603 883 inseruerunt,
640 829 695 871 ut
733 820 1041 880 Plutarchus,
1081 819 1327 880 Aelianus,
1364 821 1671 881 Athenaeus,
1718 819 1962 869 Diodorus
1999 821 2218 882 Siculus,
2255 824 2444 886 Cicero,
2480 826 2576 886 alii,
2615 843 2677 875 ne

139 907 289 956 verbo
318 905 513 970 quidem
550 904 645 954 hoc
679 904 939 968 attingunt.
1011 901 1275 968 Utcunque
1308 920 1388 952 res
1432 920 1486 952 se
1521 903 1690 962 habet,
1735 920 1876 968 quam
1916 903 2140 953 Aristaeo
2184 915 2383 955 auctore
2426 908 2672 958 christiani

137 989 403 1055 scriptores
436 986 631 1051 copiose
664 996 716 1035 et
749 986 1057 1035 abundanter
1093 984 1503 1051 perscripserunt,
1534 984 1738 1051 singulis
1767 985 1978 1034 Aristaei
2014 987 2075 1035 de
2109 986 2248 1036 Lxx
2273 988 2674 1052 interpretatione

139 1070 425 1120 narrationis
462 1069 705 1136 partibus,
752 1075 925 1135 utpote
958 1069 1083 1134 quae
1119 1068 1180 1117 ad
1218 1077 1433 1118 nostram
1471 1085 1573 1118 rem
1611 1085 1704 1117 non
1739 1069 2036 1133 pertineant,
2081 1070 2127 1119 in
2173 1071 2356 1120 incerto
2393 1072 2589 1133 relictis,
2626 1075 2673 1123 id

139 1162 274 1203 certe
321 1162 533 1213 constat,
584 1167 832 1201 sacrorum
883 1151 1112 1200 librorum
1161 1151 1433 1200 versionem
1482 1151 1762 1200 Ptolemaeo
1816 1152 2138 1218 Philadelpho
2186 1170 2299 1218 rege
2342 1165 2391 1203 et
2443 1156 2673 1220 singulari

138 1236 332 1301 quidem
371 1235 605 1285 Demetrii
646 1234 866 1284 Phalerei
903 1233 1141 1283 industria
1180 1233 1444 1298 perfectam
1482 1243 1630 1298 atque
1664 1234 1933 1283 absolutam
1971 1252 2093 1285 esse.
2132 1263 2195 1270 —

274 1320 446 1386 Neque
478 1336 595 1367 vero
632 1318 810 1366 desunt
845 1334 902 1366 ea
937 1333 1127 1381 quoque
1152 1317 1442 1379 scriptorum
1479 1317 1769 1376 testimonia,
1806 1334 1932 1381 quae
1958 1317 2102 1377 idem,
2139 1320 2267 1383 quod
2300 1320 2671 1386 Philadelphum

139 1403 402 1469 perfecisse
436 1418 602 1450 omnes
645 1401 772 1450 inter
813 1417 866 1449 se
902 1399 1234 1458 consentiunt,
1279 1416 1306 1447 a
1344 1399 1498 1464 primo
1546 1399 1824 1449 Ptolemaeo
1866 1411 2151 1464 susceptum
2201 1411 2348 1467 atque
2394 1403 2670 1453 institutum

138 1503 250 1538 esse
293 1483 644 1553 conjectantem
691 1500 767 1532 me
814 1481 1048 1549 adjuvare
1094 1481 1295 1547 possint.
1378 1482 1608 1531 lrenaeus
1645 1483 1671 1531 Ι.
1698 1483 1726 1531 l.
1764 1483 2011 1549 expressis
2053 1484 2215 1534 verbis
2261 1486 2351 1546 ait,
2398 1487 2523 1536 hanc
2562 1506 2669 1537 ver-

138 1571 351 1628 sionem,
404 1568 482 1617 cui
529 1583 700 1616 nomen
748 1566 953 1615 inditum
999 1573 1076 1613 est
1119 1564 1284 1625 Lxx,
1332 1580 1428 1613 non
1473 1581 1500 1613 a
1538 1564 1818 1614 Ptolemaeo
1868 1565 2213 1631 Philadelpho,
2260 1569 2346 1616 sed
2393 1568 2499 1634 ejus
2536 1582 2672 1634 patre

139 1647 420 1703 Ptolemaeo
468 1649 654 1714 Lagide
698 1647 970 1698 institutam
1017 1664 1146 1707 esse,
1192 1655 1241 1696 et
1285 1646 1511 1697 Clemens
1556 1646 1917 1697 Alexandrinus
1965 1646 2011 1696 in
2059 1657 2274 1699 stromm.
2320 1650 2397 1701 lib.
2438 1653 2472 1701 l.
2510 1654 2672 1715 refert,

139 1727 401 1785 conversos
439 1732 589 1782 fuisse
635 1730 780 1782 libros
827 1747 994 1781 sacros
1037 1746 1101 1779 ex
1140 1728 1368 1779 Hebraeo
1414 1739 1632 1794 tempore
1680 1730 1941 1789 Ptolemaei
1984 1731 2310 1798 Philadelphi,
2356 1743 2584 1801 tanquam
2623 1739 2669 1787 in

138 1836 191 1867 re
243 1816 389 1867 dubia
442 1814 729 1874 haesitaret,
781 1813 876 1862 utri
930 1811 1233 1877 potissimum
1269 1812 1386 1862 illud
1440 1812 1750 1863 tribuendum
1807 1814 2003 1876 esset.²)
2092 1814 2209 1864 Huc
2267 1818 2480 1879 accedit,
2539 1824 2669 1885 quod

198 1989 231 2043 ¹)
263 1992 362 2032 Fere
393 1988 531 2030 eadem
570 1986 743 2027 narravit
771 1984 972 2038 Josephus
1011 1985 1058 2032 inx
1091 1984 1214 2037 antiq.
1248 1984 1399 2038 judaic.
1435 1983 1504 2026 tib.
1540 1984 1625 2027 xli.
1667 1998 1703 2026 c.
1734 1986 1786 2036 2.,
1828 1998 1946 2039 quem
1984 1986 2148 2037 eodem,
2190 1999 2271 2040 quo
2300 1988 2516 2041 Eusebius,
2557 1991 2668 2032 fonte

268 2075 382 2104 usum
426 2073 519 2101 esse
562 2058 679 2099 facile
722 2056 966 2110 intelligitur.
1046 2050 1272 2104 Δημήτριος
1316 2051 1338 2093 ὁ
1389 2051 1604 2104 Φαληρεὺς,
1645 2050 1687 2099 ὃς
1729 2048 1776 2103 ἦν
1820 2056 1880 2093 ἐπὶ
1918 2053 1998 2093 τῶν
2035 2054 2299 2105 βιβλιοθηκῶν
2345 2053 2416 2096 τοῦ
2464 2058 2668 2110 βασιλέως,

269 2126 502 2177 σπουδάζων
541 2129 575 2168 εἰ
610 2123 775 2166 δυνατὸν
809 2121 864 2176 εἴη
894 2121 1022 2164 πάντα
1062 2122 1114 2164 τοὶ
1151 2122 1253 2165 κατὰ
1292 2122 1363 2175 τὴν
1403 2126 1624 2176 οἰκουμένην
1658 2132 1881 2178 συναγαγεῖν
1919 2124 2049 2178 βιβλία
2078 2126 2158 2165 κτλ.
2195 2131 2442 2179 μεμηνῦσθαι
2477 2130 2520 2169 δὲ
2551 2129 2671 2184 ἔλεγεν

269 2203 376 2252 αὐτῷ
404 2198 530 2242 πολλοὶ
568 2197 660 2239 εἶναι
696 2201 761 2237 καὶ
799 2195 908 2248 παρὰ
948 2204 1028 2242 τοῖς
1063 2195 1269 2244 Ἰουδαίας,
1307 2196 1387 2236 τῶν
1422 2195 1517 2248 ι’ταρ’
1554 2195 1685 2243 αὐτοῖς
1718 2198 1887 2248 νομίμων
1922 2195 2220 2251 συγγράμματα,
2265 2200 2439 2251 σπουδῆς
2479 2197 2569 2250 ἆξαι
2606 2209 2670 2243 καὶ

268 2278 337 2329 τῆς
364 2275 554 2328 βασιλέως
580 2268 848 2324 βιβλιοθήκης,
878 2266 905 2309 ἅ
934 2276 1014 2315 τοῖς
1041 2268 1186 2309 ἐκείνων
1212 2268 1452 2321 χαρακτῆρσι
1478 2271 1542 2308 καὶ
1572 2269 1622 2322 τῇ
1651 2270 1838 2317 διαλέκτῳ
1868 2272 2120 2323 γεγραμμένα,
2148 2269 2266 2311 πόνον
2282 2270 2416 2319 αὐτοῖς
2444 2272 2514 2314 οὐκ
2543 2274 2670 2328 ὀλίγον

267 2345 441 2403 ‘ww-³3⁸⁴?
478 2347 528 2392 εἷς
564 2342 633 2396 τὴν
661 2341 851 2394 ἑλληναὴ*
883 2338 1197 2394 μεταβαλλόμενα
1225 2340 1413 2394 γλῶσσαν.
1452 2365 1509 2372 —-
1546 2339 1670 2382 Οὐδὲν
1706 2337 1773 2382 οὖν
1807 2340 1907 2395 ἔλεγε
1942 2340 2098 2383 κωλύειν
2133 2347 2210 2382 καὶ.
2225 2339 2354 2384 ταῦτα
2381 2346 2666 2399 μεταβαλόντα,

268 2422 466 2464 δύνασθαι
502 2416 575 2472 γὰρ
614 2413 686 2468 τῆς
724 2419 775 2462 εἰς
812 2412 940 2455 ταῦτα
978 2415 1160 2468 χορηγίας
1198 2411 1450 2466 εὐποροῦντα,
1489 2412 1582 2467 ἔχειν
1609 2419 1646 2454 ἐν
1674 2410 1724 2467 τῇ
1753 2413 1986 2467 βιβλιοθήκῃ
2025 2419 2088 2454 καὶ
2118 2413 2171 2455 τὰ
2198 2416 2292 2468 παρ’
2320 2419 2478 2465 ἐκείνως,
2537 2418 2667 2469 Δόξας

269 2493 342 2537 οὗ,
369 2493 392 2535 ὁ
428 2490 607 2546 βασιλεὺς
644 2487 784 2542 ἄριστα
821 2487 889 2530 τὸν
926 2486 1151 2540 Δημήτριον
1178 2485 1502 2540 φιλοτιμούμενον
1536 2491 1622 2539 περὶ
1660 2485 1707 2528 τὸ
1744 2484 1899 2539 πλῆθος
1936 2487 2045 2536 αὐτῷ
2076 2484 2157 2528 τῶν
2194 2488 2352 2541 βιβλίων
2387 2490 2665 2542 ὑποτίθεσθαι,

268 2564 407 2621 γράφει
444 2562 502 2615 τῷ
541 2566 621 2605 τῶν
655 2561 862 2603 Ἰουδαίων·
883 2559 1048 2614 ἀρχιερεῖ
1077 2560 1205 2600 ταῦτα
1244 2560 1428 2613 γίνεσθαι.
1465 2583 1521 2590 -—
1559 2558 1706 2611 Ἐπειδὴ
1736 2561 1779 2600 δὲ
1815 2560 1942 2600 ταῦτα
1970 2562 2115 2613 ἐγένετο
2151 2559 2253 2600 κατὰ
2284 2561 2355 2612 τὴν
2381 2564 2451 2602 τοῦ
2479 2564 2669 2615 βασιλέως

268 2637 449 2693 βούλησιν
466 2630 779 2691 μεγαλοπρεπῶς,
807 2635 974 2675 ἐκέλευσε
1001 2631 1069 2674 τὸν
1095 2630 1318 2684 Δημήτριον
1345 2632 1518 2674 ἐκδοῦναι
1546 2636 1611 2673 καὶ
1639 2631 1686 2673 τὸ
1713 2636 1798 2685 περὶ
1826 2628 1896 2683 τῆς
1917 2629 1998 2672 τῶν
2023 2631 2240 2673 Ἰουδαὶκῶν
2262 2634 2419 2686 βιβλίων
2438 2634 2670 2691 ἀναγραφῆς

271 2711 407 2764 δόγμα·
438 2708 550 2750 οὐδὲν
580 2706 655 2761 γὰρ
683 2707 762 2757 εἰκῆ
791 2713 872 2753 τοῖς
899 2706 1116 2759 βασιλεῦσιν
1143 2703 1380 2757 ‹gizardum-o.
1417 2702 1545 2745 πάντα
1580 2706 1623 2744 δὲ
1651 2703 1749 2755 μετὰ
1782 2704 1926 2755 πολλῆς
1956 2706 2161 2756 ἐπιμελείας
2196 2704 2416 2758 ἐπράττετο.
2461 2733 2516 2740 -
2560 2714 2668 2755 ldem

269 2787 469 2841 Josephus
502 2785 740 2825 mentionem
771 2783 865 2824 facit
895 2781 1087 2836 epistolae
1116 2782 1306 2823 Demetrii
1336 2781 1386 2822 ad
1416 2793 1554 2834 regem
1586 2780 1637 2821 de
1673 2780 1747 2821 hac
1777 2793 1824 2822 re
1865 2781 2059 2834 scriptae,
2099 2794 2119 2822 a
2151 2781 2280 2824 verbis
2315 2782 2475 2835 quidem
2508 2770 2667 2828 Eusebii

270 2859 416 2915 passim
445 2855 684 2908 recedentis,
715 2855 753 2897 in
784 2866 830 2898 re
853 2855 938 2910 ipsa
967 2858 1098 2898 autem
1127 2854 1181 2897 ita
1211 2853 1509 2905 consentientis,
1539 2856 1583 2894 ut
1614 2852 1774 2895 dubium
1807 2863 1901 2895 esse
1921 2863 2000 2894 non
2031 2854 2168 2908 possit,
2199 2854 2294 2908 quin
2325 2858 2496 2910 uterque
2525 2857 2666 2899 eodem

269 2933 384 2976 fonte
411 2931 597 2976 Aristaeo
625 2930 707 2972 sint
733 2928 808 2971 usi.
867 2927 910 2970 ln
940 2926 1130 2971 Demetrii
1158 2925 1393 2982 fragmentis
1429 2925 1531 2968 infra
1559 2925 1799 2982 colligendis
1830 2928 2039 2981 utriusque
2069 2928 2274 2980 scriptoris
2305 2929 2439 2981 verba,
2470 2933 2666 2983 quatenus

272 3009 312 3047 et
341 3004 570 3059 discrepant
598 3005 640 3046 et
670 2999 943 3052 consentiunt,
974 3000 1077 3042 inter
1104 3011 1153 3043 se
1180 3009 1415 3055 comparare
1442 2998 1589 3041 licebit.

194 3077 233 3127 ²)
263 3078 379 3129 Quod
416 3078 594 3120 Justinus
633 3076 783 3130 Martyr
819 3075 857 3116 in
898 3072 1059 3128 apolog.
1106 3073 1154 3116 ll.
1187 3073 1346 3125 scribit,
1384 3072 1638 3120 Ptolemaeum
1674 3085 1748 3128 per
1784 3073 1989 3128 epistolam
2031 3074 2197 3127 petiisse
2238 3086 2260 3115 a
2295 3073 2525 3115 iudaeorum
2565 3087 2667 3130 rege

271 3149 536 3200 Herode‚.ut
577 3150 702 3192 libros
742 3147 1026 3203 prophetarum
1064 3149 1374 3198 transmitteret,
1424 3146 1622 3188 Herodem
1673 3148 1835 3189 codices
1874 3147 2059 3190 hebraica
2098 3147 2232 3200 lingua
2271 3152 2493 3201 conceptos
2534 3153 2669 3190 trans-

272 3224 439 3274 misisse,
471 3221 751 3274 gravissimum
777 3219 889 3265 illum
922 3220 1158 3280 scriptorem
1188 3232 1350 3265 errasse
1378 3218 1628 3265 manifestum
1660 3223 1734 3263 est.
2061 3272 2133 3321 2*
