2853 3836
119 293 183 344 τὰ
236 291 618 343 διαπεπτωκότα
667 290 793 360 τύχῃ
846 294 938 356 τῆς
987 289 1335 357 προςηκοὺσης
1385 295 1673 358 ἐπισκευῆς,
1724 292 2050 357 πεποιημένος
2079 281 2154 339 ὀύ
2187 295 2437 356 παρέργως
2476 274 2570 360 τῆν
2616 296 2669 338 ἐν

119 388 318 448 τούτοις
352 390 651 452 ἐπιμέλειαν,
685 389 1036 453 προςαναφέρω
1074 398 1171 436 σοι.
1248 386 1324 435 Τὰ
1358 385 1413 435 δὲ
1446 391 1536 437 τοῦ
1572 383 1725 450 νόμου
1760 386 1862 435 τῶν
1891 381 2132 436 Ἰουδαίων
2164 381 2326 447 βιβλία
2359 386 2456 436 σὺν
2488 384 2668 455 ἑτέροις

118 485 302 544 ὀλίγοις
351 483 484 531 τισὶν
532 482 800 530 ἀπολείπει.
859 478 1103 542 Τυγχάνει
1151 481 1245 547 γὰρ
1295 481 1560 546 Ἑβραϊκοῖς
1607 479 1864 545 γράμμασι
1924 479 2007 530 καὶ
2055 481 2194 551 φωνῇ
2245 479 2473 544 λεγόμενα
2492 498 2504 510 ·
2553 481 2668 546 ripe*

119 581 345 640 λέστερον
390 575 443 625 δὲ
489 576 571 624 καὶ
616 575 708 637 οὐχ
753 575 820 634 ὠς
860 572 1073 639 ὑπάρχει
1119 573 1448 640 σεσήμανται,
1499 574 1672 634 καθὼς
1713 573 1811 622 ὑπὸ
1856 578 1971 635 τῶνἱ
1999 573 2205 624 εἰδότων
2237 569 2667 643 προςαναφέρεται,

117 671 356 736 προνοίας
388 670 486 736 γὰρ
513 670 777 736 βασιλικῆς
816 668 874 718 ού
910 667 1187 735 τετύχηκεν.
1258 669 1381 716 Δέον
1410 666 1463 715 δὲ
1508 669 1580 715 ἔτι
1616 668 1697 715 καὶ
1732 665 1885 716 ταῦθ’
1920 666 2160 733 ὑπάρχειν
2199 669 2331 735 παρά
2368 684 2450 718 σοι
2484 670 2668 736 διηκρι-

117 771 325 830 βωμένα,
377 764 461 814 διὰ
512 765 572 812 τὸ
624 765 708 813 καὶ
759 764 1159 831 φιλοσοφωτέραν
1203 757 1328 809 εἶναι
1377 762 1458 811 καὶ
1505 762 1733 829 ἀκέραιον
1777 761 1872 828 τὴν
1904 763 2208 826 νομοθεσίαν
2244 763 2457 829 ταύτην,
2508 767 2574 820 ῶς
2607 755 2670 811 ἄν

119 860 275 910 οὖσαν
307 859 472 908 θείαν.
541 858 632 908 Διὸ
667 858 829 925 πόρρω
863 856 1125 918 γεγόνασιν
1162 857 1211 904 οῖ
1249 873 1304 905 τε
1339 865 1639 924 συγγραφεῖς
1674 857 1755 907 καὶ
1790 856 1997 923 ποιηταὶ
2040 857 2120 906 καὶ
2164 858 2221 907 τὸ
2265 862 2365 906 τῶν
2410 861 2671 924 ἱστορικῶν

117 957 320 1020 πλῆθος
355 958 449 1019 τῆς
484 951 790 1019 ἐπιμνήσεως
824 954 925 1026 τῶν
960 954 1325 1017 προειρημένων
1358 952 1556 1012 βιβλίων
1591 952 1671 1001 καὶ
1706 957 1807 1001 τῶν
1840 951 1943 1001 κατ’
1979 952 2108 1002 αὐτὰ
2140 954 2555 1015 πεπολιτευμένων
2587 953 2670 1001 α’ν-

117 1051 249 1115 δρῶν
294 1046 379 1097 διὰ
414 1049 471 1097 τὸ
519 1045 676 1113 ἁγνήν
717 1064 830 1095 τινα
864 1045 947 1095 καὶ
981 1045 1168 1113 σεμνὴν
1203 1042 1327 1094 εἶναι
1362 1046 1457 1113 τὴν
1490 1051 1542 1094 ἐν
1576 1047 1750 1106 αὐτοῖς
1786 1047 2028 1113 θεωρίαν,
2073 1045 2140 1106 ὥς
2174 1059 2331 1114 φησιν
2364 1049 2609 1107 Ἑκαταῖος
2644 1052 2669 1094 ὁ

116 1142 422 1208 Ἀβδηρίτης.
492 1140 600 1191 Ἐὰν
633 1139 723 1192 οὖν
764 1141 1021 1207 φαίνηται,
1065 1143 1285 1201 βασιλεῦ,
1319 1139 1629 1208 γραφήσεται
1663 1143 1787 1207 πρὸς
1829 1143 1919 1189 τὸν
1961 1142 2013 1188 ἐν
2052 1139 2398 1208 Ἰεροσολύμοις
2431 1141 2671 1207 α’ρχιερέα,

117 1237 408 1286 ἀποστεῖλαι
443 1236 563 1296 τοὺς
596 1235 818 1300 μάλιστα
861 1237 1020 1296 καλῶς
1062 1234 1357 1296 βεβιωκότας
1400 1235 1481 1283 καὶ
1525 1236 1884 1302 πρεσβυτέρους
1929 1234 2119 1302 ἄνδρας
2160 1235 2241 1283 καὶ
2284 1234 2541 1302 ἐμπείρους
2574 1240 2673 1283 τῶν

117 1332 243 1380 κατὰ
290 1333 380 1379 τὸν
423 1331 576 1394 νόμον
623 1335 836 1389 ἑαυτῶν,
881 1330 966 1396 ἀφ’
1000 1329 1215 1396 ἑκάστης
1259 1332 1419 1397 φυλῆς
1465 1331 1529 1387 ἒξ,
1581 1330 1713 1390 ὅπως
1764 1333 1821 1378 τὸ
1873 1329 2141 1397 σύμφωνον
2190 1335 2241 1377 ἐκ
2286 1334 2386 1377 τῶν
2440 1330 2682 1378 πλειόνων

116 1425 433 1485 ε’ξετάσαντες
478 1429 561 1473 καὶ
607 1424 836 1486 λαβόντες
885 1426 944 1472 τὸ
978 1424 1106 1474 κατὰ
1141 1428 1234 1491 τὴν
1278 1426 1537 1491 ἑρμηνείαν
1570 1424 1765 1489 ἀκριβὲς
1808 1425 1956 1484 ἀξίως
1991 1424 2072 1473 καὶ
2114 1428 2215 1473 τῶν
2258 1422 2559 1489 πραγμάτων
2593 1425 2673 1473 καὶ

117 1525 212 1587 τῆς
247 1525 344 1587 σῆς
377 1522 708 1587 προαιρέσεως
754 1521 929 1584 θῶμεν
964 1518 1208 1586 εὐσήμως.
1258 1549 1323 1557 -
1365 1523 1468 1586 Τῆς
1504 1519 1557 1570 δὲ
1591 1518 1831 1579 ἐκδόσεως
1876 1517 2065 1585 ταύτης
2107 1521 2385 1586 γενομένης,
2430 1519 2673 1568 ἐκέλευσεν

120 1621 143 1661 ό
184 1612 418 1675 βασιλεύς
468 1618 718 1680 γραφῆναι
768 1616 891 1681 πρὸς
943 1615 1031 1662 τὸν
1076 1612 1354 1680 Ἐλεάζαρον
1405 1617 1504 1663 κτλ.
1597 1614 1698 1664 Sed
1754 1630 1842 1665 rex
1865 1636 1868 1639 ⁴
1895 1615 2004 1682 lpse
2055 1614 2252 1680 scripsit
2304 1614 2558 1681 epistolam
2612 1614 2672 1665 ad

120 1711 435 1769 Eleazarum,
487 1724 730 1758 summum
787 1708 1248 1773 Hierosolymorum
1296 1707 1596 1775 pontificem,
1650 1724 1713 1757 ex
1761 1725 1857 1775 qus
1909 1708 2030 1759 haec
2074 1707 2415 1760 exscribimus.
2496 1707 2673 1759 Euseb.

120 1804 298 1870 Pruep.
331 1819 502 1868 evang.
543 1802 680 1852 Vlll.
715 1803 766 1851 4.
837 1802 1143 1864 βουλομένων
1194 1800 1247 1849 δὲ
1294 1802 1436 1866 ήμῶν
1480 1802 1561 1850 καί
1606 1816 1688 1850 σοι
1734 1801 2032 1865 χαρίζεσθαι
2082 1802 2163 1850 καὶ
2212 1806 2340 1850 πᾶσι
2389 1807 2497 1861 τοῖς
2548 1803 2672 1849 κατὰ

119 1896 214 1962 τὴν
250 1897 541 1961 οἰκουμένην
575 1894 827 1955 Ἰουδαίοις
872 1894 953 1943 καὶ
988 1902 1095 1954 τοῖς
1141 1896 1427 1958 μετέπειτα,
1473 1894 1804 1964 προῃρήμεθα
1852 1896 1940 1942 τὸν
1984 1895 2134 1957 νόμον
2167 1897 2308 1957 ὑμῶν
2340 1897 2674 1962 μεθερμηνευ-

117 1994 279 2055 θῆναι
304 1989 594 2056 γράμμασιν
629 1991 917 2054 Ἑλληνικοῖς
941 1990 991 2037 ἐκ
1027 1994 1131 2037 τῶν
1154 1989 1266 2055 παρ’
1300 1991 1419 2051 ὑμῖν
1452 1991 1709 2052 Ἑβραϊκῶν
1738 1992 2004 2052 λεγομένων
2032 1989 2347 2055 γραμμάτων,
2383 1989 2440 2037 ἵν’
2475 1990 2673 2059 ὑπάρχῃ

117 2086 198 2132 καὶ
223 2089 387 2133 ταῦτα
411 2081 513 2148 παῤ
535 2083 658 2146 ἡμῖν
688 2087 740 2128 ἐν
759 2082 1059 2152 βιβλιοθήκῃ
1089 2084 1185 2131 σὺν
1209 2091 1316 2142 τοῖς
1346 2082 1511 2143 ἄλλοις
1544 2085 1817 2143 βασιλικοῖς
1849 2084 2068 2144 βιβλίοις.
2120 2085 2304 2143 Καλῶς
2333 2080 2420 2133 οὖν
2449 2082 2675 2150 ποιήσεις

119 2179 200 2227 καὶ
252 2183 347 2244 τῆς
397 2178 634 2244 ἡμετέρας
693 2178 923 2243 σπουδῆς
984 2177 1158 2237 α’ξίως,
1217 2179 1435 2237 έπιλεῖξας
1487 2177 1673 2244 ἄνδρας
1723 2179 1880 2238 καλῶς
1940 2177 2250 2238 βεβιωκότας,
2302 2183 2674 2246 πρεσβυτέρους,

119 2272 374 2339 ἐμπειρίαν
408 2272 613 2334 ἔχοντας
657 2277 748 2322 τοῦ
796 2272 947 2335 νόμου
993 2272 1072 2320 καὶ
1122 2270 1367 2333 δυνατοὺς
1408 2278 1722 2340 ἑρμηνεῦσαι,
1770 2273 1855 2341 ἀφ’
1902 2273 2116 2341 ἑκάστης
2151 2276 2311 2342 φυλῆς
2345 2272 2409 2336 ἓξ,
2458 2277 2590 2335 ὅπως
2624 2279 2674 2322 ἐκ

119 2373 219 2418 τῶν
253 2367 491 2417 πλειόνων
527 2371 585 2416 τὸ
621 2365 890 2437 σύμφωνον
924 2370 1109 2437 εὑρεθῇ
1147 2371 1245 2419 κτλ.
1300 2369 1379 2419 Ad
1403 2369 1524 2420 haec
1547 2369 1802 2437 respondit
1827 2369 2092 2422 Eleazarus
2122 2370 2254 2437 apud
2279 2370 2460 2421 Euseb.
2483 2370 2675 2421 vius.

119 2465 201 2514 καὶ
239 2464 373 2522 ὅπως
405 2465 611 2529 γένηται
647 2463 995 2530 συμφερόντως
1031 2462 1112 2511 καὶ
1145 2463 1248 2525 μετ’
1290 2461 1563 2530 ἀσφαλείας
1597 2465 1628 2531 ή
1666 2468 1756 2513 τοῦ
1793 2464 1937 2524 ἁγίου
1967 2463 2121 2528 νόμου
2155 2464 2462 2530 μεταγραφὴ,
2498 2465 2675 2530 παρόν-

120 2576 218 2608 των
263 2558 483 2616 πάντων,
519 2556 810 2624 ἐπελεξάμην
844 2559 1033 2623 ἄνδρας
1078 2557 1252 2617 καλοὺς
1299 2558 1380 2606 καὶ
1415 2557 1663 2618 ἀγαθοὺς,
1709 2562 2085 2624 πρεσβυτέρους,
2129 2556 2212 2625 ἀφ’
2260 2557 2473 2628 ἑκάστῃς
2518 2561 2676 2625 φυλῆς

122 2653 184 2711 ἕξ,
218 2649 305 2712 οὓς
341 2652 423 2701 καὶ
457 2651 834 2713 ἀπεστάλκαμεν
869 2655 1072 2714 ἔχοντας
1106 2655 1195 2700 τὸν
1229 2652 1393 2717 νόμον.
1467 2650 1576 2701 Alio
1608 2668 1726 2701 vero
1757 2652 1863 2702 loco
1900 2649 2058 2715 (ΧΙΙΙ.
2094 2652 2191 2720 12.)
2232 2653 2474 2705 Eusebius
2510 2653 2676 2715 tradit,

125 2747 458 2798 Aristobulum
484 2746 733 2817 Judaeum
771 2747 832 2795 ad
870 2764 1027 2813 regem
1056 2747 1391 2797 Ptolemaeum
1426 2746 1804 2796 Philometor-em
1839 2745 2112 2813 scripsisse,
2151 2745 2301 2798 Mosis
2336 2747 2534 2811 libros¹)
2562 2754 2677 2797 unte

124 2830 429 2879 Demetrium
467 2831 764 2878 phalereum
802 2845 974 2893 graece
1008 2831 1272 2880 translatos
1308 2828 1489 2891 fuisse3
1526 2836 1678 2879 totum
1718 2843 1835 2879 vero
1869 2830 2162 2898 scripturum
2191 2828 2334 2899 jussu
2370 2829 2676 2897 Philadelphi

181 2998 218 3048 ¹)
249 3001 348 3044 Tum
381 3011 478 3041 vero
507 3002 663 3044 nonnisi
693 3000 988 3056 pentateuchus
1018 3001 1230 3045 translatus
1261 3005 1342 3054 est,
1385 3001 1500 3058 cujus
1531 3001 1756 3045 versionem
1786 3000 2078 3057 posterioribus
2108 2998 2265 3044 denium
2298 3000 2542 3055 temporibus
2572 3013 2675 3056 pau-

254 3073 363 3115 latim
403 3078 560 3114 secutae
599 3078 693 3115 sunt
722 3074 970 3130 reliquorum
1003 3073 1190 3116 librorum
1219 3075 1443 3119 divinorum
1474 3076 1701 3127 versiones,
1742 3080 1880 3131 utpote
1910 3087 2012 3131 quus
2051 3085 2131 3116 non
2158 3075 2207 3116 ab
2238 3085 2320 3116 uno
2348 3075 2422 3117 sed
2451 3088 2473 3117 a
2505 3075 2674 3116 diversis

257 3147 490 3190 auctoribus
521 3145 723 3202 profectas
754 3161 847 3190 esse
875 3152 1038 3190 constat
1070 3160 1123 3190 ex
1155 3149 1325 3201 ipsarum
1357 3150 1585 3192 versionum
1618 3149 1763 3191 indolis
1792 3162 1840 3191 ac
1870 3149 1965 3204 styli
1998 3148 2239 3191 diversitate.
2272 3149 2468 3193 etsturz.
2501 3149 2552 3190 de
2583 3148 2673 3189 dial.

258 3217 358 3263 Mac.
389 3223 429 3262 et
461 3219 576 3263 Alex,
608 3231 646 3276 p.
678 3214 745 3262 26.
779 3216 1036 3265 Pentateuchi
1068 3224 1199 3265 tamen
1231 3222 1362 3266 versio
1393 3221 1442 3266 ab
1473 3227 1553 3265 uno
1582 3225 1748 3266 auctore
1778 3220 1935 3265 videtur
1964 3218 2141 3274 profecta
