2853 3836
1148 323 1268 376 Fra
1326 343 1386 375 m.
1438 325 1679 377 xxxin.

199 412 334 459 Libri
372 414 480 477 περὶ
514 410 771 476 ἑρμηνείας
806 416 931 459 auct.
969 409 1086 461 289.·
1119 417 1172 459 et
1203 342 1416 475 θυι-ξιον.
1452 408 1670 460 corinth.
1708 412 1818 476 περὶ
1859 411 2083 474 μεθόδου
2127 412 2413 479 δεινότητος
2446 416 2492 482 §
2532 419 2613 469 71.

1133 493 1303 556 (Wulz
1358 491 1466 541 vlt.
1525 491 1695 555 neo.)

285 589 587 651 Πολλάκις
645 588 714 645 δέ
769 589 805 660 ἢ
854 591 995 669 πρὸς
1047 591 1315 668 τύραννον
1363 589 1397 661 ἢ
1448 587 1630 650 ἄλλως
1692 592 1883 661 βίαιόν
1939 613 2067 649 τινα
2125 591 2523 672 διαλεγόμενοι
2585 604 2684 654 καὶ

133 691 411 751 ὀνειδίσαι
466 693 748 770 ὁρμῶντες
799 692 1084 770 χρῄζομεν
1142 694 1205 758 ἐξ
1252 693 1505 765 ἀνάγκης
1554 695 1657 748 τοῦ
1704 695 2009 772 σχήματος
2057 695 2209 760 ὅλου,
2249 711 2315 768 ὠς
2348 711 2631 779 Δημήτριος
2657 720 2682 761 ‹¹›

136 800 397 867 Φαληρεὺς
434 803 559 866 πρὸς
595 800 851 866 Κρατερὸν
883 801 970 846 τὸν
1004 797 1277 846 Μακεδόνα
1317 798 1398 845 ἐπὶ
1437 803 1628 864 χρυσῆς
1672 798 1838 865 κλίνης
1882 801 2212 865 καθεζόμενον
2242 806 2483 869 μετέωρον
2516 807 2597 856 καὶ
2634 809 2683 856 ἐν

131 899 345 961 τρυφερᾷ
393 892 606 957 χλαμύδι
640 893 724 942 καὶ
756 892 1085 959 ὑπερηφάνως
1129 891 1495 955 ἀποδεχόμενον
1528 891 1621 952 τὰς
1662 893 1924 960 πρεσβείας
1961 900 2062 945 τῶν
2105 892 2331 962 Ἑλλήνων
2365 901 2684 964 σχηματίσας

133 998 279 1058 εἶπεν,
320 990 409 1046 ὅτι
440 986 865 1065 ὑπεδεξάμεθα
903 1007 1046 1043 ποτε
1077 987 1501 1067 πρεσβεύοντας
1529 986 1696 1066 ἡμεῖς
1733 986 1977 1058 τούςδεῑ)
2020 993 2119 1046 καὶ
2146 976 2444 1072 Κρατερὸν
2471 999 2682 1050 τοῦτον.

268 1100 313 1149 7.
355 1097 659 1158 Χαλκιδικὸς
694 1097 829 1147 liber.

265 1185 311 1233 8.
348 1182 631 1247 Προοίμιον
668 1179 933 1246 ἱστορικόν.

267 1271 313 1317 9.
352 1266 586 1330 ἐκκλησία
621 1265 833 1328 ἔνορκος,
869 1263 932 1313 de
969 1264 1203 1314 concione
1229 1262 1392 1328 jurata
1427 1262 1458 1311 i.
1495 1280 1537 1312 e.
1574 1262 1636 1313 de
1670 1263 1870 1314 helisea.

238 1351 312 1401 1⁰.
349 1349 458 1414 περὶ
493 1347 800 1412 ’Ῑουδαίων.’)

1156 1411 1390 1476 Fragm.
1436 1409 1671 1461 xxxtV.

977 1496 1158 1547 Euseb.
1196 1511 1364 1561 praep.
1400 1510 1568 1560 evang.
1611 1495 1697 1546 ΙΧ.
1732 1497 1862 1561 21.³)

268 1599 492 1654 Δημήτριός
531 1613 627 1653 φησι
674 1597 744 1640 τόν
781 1595 921 1650 Ἰακώβ
958 1594 1154 1651 γενόμενον
1197 1597 1294 1636 ἐτῶν
1331 1592 1596 1647 ἑβδομήκοντα
1645 1598 1756 1638 πέντε
1795 1606 1924 1653 φυγεῖν
1971 1603 2023 1649 εἰς
2062 1600 2232 1655 Χαρρὰν
2269 1605 2338 1656 τῆς
2378 1606 2682 1661 Μεσοποταμίας

195 1725 230 1772 ·)
262 1727 386 1781 Greg.
418 1726 596 1768 corinth.
628 1725 653 1765 1.
677 1725 703 1764 ι.
734 1724 831 1777 tegit
862 1718 966 1770 ἡμᾶς
995 1715 1257 1771 ’πρεσβεύοντα
1285 1714 1406 1758 τόνδε.

189 1794 229 1845 ²)
261 1799 502 1841 Demetrium
533 1796 769 1839 Phalereum
800 1795 851 1837 de
881 1795 1032 1837 Judaeis
1064 1794 1226 1843 librum,
1270 1793 1337 1845 qui
1369 1793 1588 1844 Diogenem
1620 1794 1820 1835 Laertium
1852 1796 2013 1850 effugit,
2043 1799 2274 1853 scripsisse,
2314 1800 2535 1857 fragmenta
2567 1804 2683 1859 hujus

269 1872 425 1927 operis,
467 1882 558 1925 quae
588 1871 627 1911 in
656 1868 819 1911 Eusebii
850 1881 887 1922 p.
918 1880 953 1910 e.
984 1867 1259 1917 inveniuntur,
1297 1866 1397 1907 satis
1426 1865 1613 1908 indicant.
1673 1866 1870 1910 Eusebius
1911 1870 2071 1924 quidem
2108 1872 2147 1913 in
2179 1871 2239 1915 bis
2269 1872 2369 1917 locis
2399 1888 2451 1918 ex
2482 1878 2683 1919 Demetrio

266 1945 395 1982 allatis
425 1955 560 1994 neque
582 1942 827 1980 Demetrium
858 1941 1100 1991 cognomine
1126 1938 1321 1977 Phalereo
1351 1937 1540 1989 appellat,
1571 1950 1703 1991 neque
1730 1940 1856 1992 ipsius
1885 1940 1973 1982 libri
2002 1942 2170 1983 indicem
2202 1951 2502 2000 commemorat3
2542 1947 2614 1989 sed
2645 1949 2682 1990 in

268 2017 412 2057 eodem
452 2016 555 2055 libro
595 2014 682 2058 (lX.
714 2013 806 2056 42.)
849 2013 1090 2052 Demetrium
1132 2010 1440 2050 Phalereum
1483 2011 1534 2049 de
1573 2013 1846 2063 antiquissima
1885 2014 2116 2054 Judaeorum
2156 2015 2318 2056 historia
2359 2019 2571 2071 scripsisse
2611 2032 2683 2073 pro

269 2092 380 2129 nerto
410 2086 595 2136 affirmat,
627 2097 753 2138 quare
783 2083 945 2125 dubium
976 2094 1071 2123 esse
1101 2093 1181 2122 non
1211 2086 1358 2134 potest,
1391 2083 1486 2134 quin
1518 2081 1583 2122 illa
1624 2081 1849 2137 fragmenta
1880 2096 1932 2125 ex
1961 2086 2163 2127 Demetrio
2193 2087 2312 2128 allata
2343 2088 2538 2131 Phalereo
2569 2094 2684 2132 attri-

269 2161 430 2201 buenda
461 2160 550 2199 sint.
611 2157 759 2198 Euseb.
795 2156 820 2196 l.
838 2156 864 2196 l.
895 2155 932 2192 οἱ
960 2152 1095 2191 πολλοὶ
1125 2152 1168 2190 δὲ
1197 2146 1277 2190 τῶν
1303 2153 1507 2201 εἰρημένων
1535 2148 1690 2203 ἀνδρῶν
1717 2153 1787 2202 τῆς
1813 2155 1882 2203 μὲν
1911 2152 2100 2204 ἀληθείας
2128 2156 2207 2194 τῶν
2234 2155 2274 2203 ἐξ
2295 2155 2415 2209 ἀρχῆς
2444 2157 2685 2211 πραγμάτων

268 2226 495 2280 διήμαρτον,
541 2222 602 2266 ὅτι
641 2223 694 2277 μὴ
731 2230 815 2271 ταῖς
852 2225 966 2277 ἱεραῖς
1001 2222 1112 2275 ἡμῶν
1148 2222 1295 2275 βίβλοις
1330 2224 1501 2276 ἐνέτυχον
1514 2236 1523 2246 ·
1561 2222 1696 2270 κοινῶς
1730 2225 1858 2275 μέντοι
1894 2228 1979 2278 περὶ
2016 2228 2086 2277 τῆς
2122 2224 2379 2280 ἀρχαιότητος
2413 2226 2580 2277 ἅπαντες
2619 2248 2683 2282 με-

267 2296 572 2353 μαρτυρήκασιν,
603 2295 698 2349 ὑπὲρ
718 2292 766 2336 οὗ
796 2294 848 2336 τὰ
876 2295 941 2335 νῦν
970 2296 1086 2348 λέγειν
1112 2296 1347 2351 προεθέμην.
1400 2292 1441 2334 Ὁ
1467 2296 1596 2347 μέντοι
1630 2294 1833 2348 Φαληρεὺς
1861 2294 2086 2351 Δημήτριος
2121 2301 2185 2338 καὶ
2219 2299 2350 2340 duam
2378 2299 2400 2341 ὁ
2428 2300 2685 2357 πρεσβύτερος

266 2376 329 2413 καὶ
360 2368 585 2421 Εὐπόλεμος
619 2367 665 2409 οὔ
694 2366 793 2409 noh)
826 2367 897 2419 τῆς
926 2366 1115 2419 ἀληθείας
1145 2365 1369 2419 διήμαρτον,
1410 2364 1466 2413 οἷς
1494 2366 1759 2420 συγγινώσκειν
1796 2365 1902 2417 ἄξιον
1917 2385 1925 2393 ·
1963 2369 2008 2410 οὐ
2048 2369 2121 2423 γὰρ
2157 2372 2240 2422 ἐνῆν
2276 2371 2406 2419 αὐτοῖς
2432 2372 2530 2424 μετὰ
2559 2373 2686 2427 πάσης

267 2444 461 2496 ἀκριβείας
486 2450 567 2487 τοῖς
593 2440 793 2492 ἡμετέροις
820 2438 1020 2492 γράμμασι
1049 2440 1371 2491 παρακολουθεῖν.
1417 2442 1466 2481 cf.
1496 2444 1658 2497 Josepb.
1691 2449 1831 2484 contra
1862 2447 2004 2499 Apion.
2034 2446 2099 2487 lib.
2118 2447 2145 2487 1.
2185 2447 2367 2488 Clemens
2396 2448 2603 2491 Alexandr
2644 2453 2683 2492 in

270 2523 455 2561 Stromm.
473 2519 503 2558 1.
524 2516 591 2558 21.
625 2516 796 2557 eundem
825 2516 1015 2556 Demetrii
1046 2515 1200 2566 librum,
1231 2516 1344 2568 cnjus
1373 2514 1458 2562 περὶ
1491 2507 1571 2550 τῶν
1598 2516 1636 2551 ἐν
1660 2511 1824 2552 Ἰουδαία
1852 2514 2044 2566 βασιλέων
2069 2519 2249 2570 inscripti
2279 2524 2480 2560 auctorem
2511 2524 2685 2563 nominat

273 2590 544 2639 Demetrium,
594 2588 786 2629 denotare
825 2587 1006 2629 voluisse
1035 2586 1215 2637 videtur,
1259 2599 1385 2638 quare
1421 2586 1529 2626 hunc
1566 2599 1730 2639 quoque
1758 2588 1976 2628 Clementis
2007 2589 2138 2629 locum
2176 2590 2214 2629 in
2244 2589 2464 2644 fragmenta
2502 2595 2684 2648 recipere

271 2675 351 2704 non
385 2661 577 2703 dubitavi.
641 2660 682 2701 ln
715 2660 774 2701 his
809 2661 934 2701 tribus
966 2659 1216 2711 fragmentis,
1248 2671 1298 2699 ex
1329 2658 1503 2699 Eusebio
1542 2658 1744 2707 collectis,
1783 2672 1875 2699 num
1909 2661 1992 2711 ipsa
2025 2661 2211 2701 Demetrii
2242 2664 2381 2712 verba,
2420 2677 2472 2703 ex
2505 2667 2681 2718 ejusdem

272 2735 372 2777 libro
410 2737 563 2782 sumta,
599 2730 758 2774 reddita
788 2732 879 2782 sint,
909 2732 977 2773 vix
1008 2729 1260 2779 crediderim,
1292 2743 1414 2782 quum
1445 2731 1664 2784 presertim
1695 2730 1893 2772 Eusebius
1924 2744 2003 2772 non
2034 2746 2085 2772 ex
2123 2734 2210 2786 ipso
2242 2737 2431 2776 Demetrii
2461 2737 2580 2786 libro,
2611 2739 2681 2777 sed

272 2820 323 2847 ex
353 2804 572 2860 Alexandri
607 2802 875 2857 Polyhistoris
908 2815 1056 2856 opere,
1100 2803 1168 2855 qui
1207 2801 1315 2842 hunc
1354 2801 1485 2841 locum
1526 2815 1579 2842 ex
1610 2803 1813 2843 Demetrio
1851 2805 2117 2857 excerpserit,
2160 2805 2260 2846 haec
2289 2819 2334 2848 se
2373 2808 2556 2848 hausisse
2585 2821 2682 2861 pro-

270 2880 440 2920 fiteatur.
500 2876 624 2917 Multa
664 2874 868 2928 profecto,
903 2877 936 2915 si
968 2887 1046 2914 non
1078 2874 1221 2914 vitiosa
1258 2878 1298 2913 et
1326 2874 1515 2923 barbara,
1557 2874 1596 2914 in
1625 2875 1672 2914 iis
1703 2875 1858 2924 insunt,
1890 2887 1997 2927 quae
2026 2887 2100 2917 nos
2129 2878 2180 2917 ita
2211 2878 2432 2926 offendant,
2465 2883 2505 2917 ut
2536 2880 2683 2919 Deme-

271 2951 412 2998 trium,
462 2961 580 3001 quom
622 2947 746 2989 attice
787 2946 996 2999 scripsisse
1034 2947 1138 2987 inter
1178 2956 1317 2986 omnes
1355 2949 1535 2996 constat,
1580 2945 1786 2987 vocabulis
1824 2949 1863 2987 et
1902 2949 2290 2999 constructionibus,
2336 2950 2489 2990 seriore
2525 2951 2681 2993 demum

271 3030 455 3076 tempore
488 3033 563 3062 usu
591 3019 781 3073 receptis,
812 3030 929 3060 usum
959 3031 1050 3060 esse
1078 3019 1194 3060 nobis
1226 3017 1460 3072 persuaderi
1490 3029 1569 3059 non
1599 3019 1740 3072 possit.
1813 3019 2071 3074 incorruptae
2099 3020 2411 3074 fragmentorum
2444 3024 2682 3077 integritatis

272 3092 585 3142 examinandae,
625 3092 942 3146 fragmentorum
975 3091 1111 3133 critica
1142 3089 1483 3144 grammaticaque
1511 3091 1666 3133 ratione
1703 3091 2093 3145 interpretandorum
2133 3094 2319 3145 occasio,
2357 3093 2463 3147 sore,
2495 3102 2536 3138 ut
2573 3098 2682 3138 brevi

272 3167 363 3207 mibi
396 3166 532 3214 detur,
564 3175 684 3217 spero
715 3168 837 3217 atque
866 3167 1033 3218 exopto.

197 3237 234 3286 ³)
267 3240 462 3279 Eusebius
494 3237 767 3278 Alexandrum
797 3236 1093 3291 Polyhistorem
1126 3236 1328 3277 Demetrio
1358 3238 1524 3276 auctore
1552 3234 1605 3276 ita
1637 3233 1866 3289 loquentem
1897 3235 2003 3282 facit.
