2853 3836
1377 155 1481 212 13

159 290 563 358 colunt-ubique⁴¹
594 290 832 359 gentium,
878 290 1078 340 mirarer
1111 288 1362 356 equidem,
1405 289 1449 337 si
1485 289 1582 337 isto
1632 287 1851 354 inprimis
1893 286 2102 337 articulo
2150 286 2405 353 temporis,
2452 305 2551 354 quo
2597 288 2702 337 libri

159 375 568 441 quivis-‚undique
603 381 841 427 terrarum
875 374 1154 440 in-regiam-
1180 371 1592 437 conquirebantur
1629 371 1984 431 bibliothecam,
2019 371 2201 421 nullius
2238 381 2411 436 rogatu
2448 375 2522 420 vel
2555 371 2702 439 jussu

157 458 547 508 „scenomata-
573 471 684 505 >rem
724 455 907 505 fuer-int
949 471 977 505 a
1009 456 1226 506 moribus
1259 454 1367 503 suis
1401 453 1740 502 abhorrentem
1781 454 2009 518 aggressi.
2081 454 2200 503 Mihi
2244 454 2430 504 monitu
2469 455 2701 505 Demetrii

161 541 343 605 primus
379 539 575 588 videtur
611 537 923 588 Ptolemaeus
958 537 1254 595 concitatus,
1301 543 1358 584 ut
1390 534 1691 586 «ludaeorum
1726 551 1919 600 quoque
1957 538 2093 602 leges
2131 552 2241 585 cum
2280 544 2355 586 tot
2389 538 2496 587 aliis
2531 538 2698 586 biblio-

159 624 330 672 thecae
364 636 483 670 suae
518 627 727 685 pararet,
765 620 1094 686 benignissimi
1129 618 1259 683 regis
1294 624 1345 666 et
1381 615 1815 666 munificentissimi
1844 617 2001 682 jussui
2033 619 2277 681 videntur,
2315 636 2512 669 suorum
2552 620 2696 670 etiam

158 719 337 771 graece⁴
374 710 561 752 tantum
595 702 970 768 intelligentium
997 700 1314 768 >popularium
1351 698 1515 749 habita
1562 698 1725 749 forsan
1773 699 1981 764 quadam
2028 701 2238 764 ratione,
2284 702 2585 769 perlibenter
2614 705 2702 751 ob-

157 784 454 836 secundasse
487 785 666 835 Judaei
707 801 833 846 rem,
884 791 940 834 ut
976 782 1318 849 perficeretur,
1370 782 1500 831 omui
1532 782 1678 831 modo
1713 782 1820 831 sive
1851 783 1944 831 sub
1988 791 2220 848 utroque,
2255 794 2386 835 certe
2418 786 2511 835 sub
2549 786 2701 851 primo

162 868 440 918 Ptolemaeo
475 868 722 916 curavisse
751 865 1056 915 Demetrius.
1139 864 1272 930 Quid
1318 865 1443 914 enim
1489 865 1812 931 probabilius,
1860 882 2002 930 quam
2049 858 2265 931 undique
2299 867 2442 916 libros
2477 870 2524 917 in
2561 886 2700 918 suam

159 948 462 1015 conquirenti
497 948 837 999 bibliothecam
882 947 985 1013 regi
1028 946 1248 1013 Lagidae
1286 946 1595 999 ‘Demetrium
1644 947 1796 998 fuisse
1841 964 2112 1010 suasorem,
2163 957 2217 999 ut
2264 949 2394 1014 leges
2430 951 2570 1000 etiam
2607 953 2697 1001 Ju-

159 1033 392 1082 ‹laeorum
429 1031 520 1081 sibi
557 1047 732 1096 graece
762 1039 959 1080 curaret
992 1030 1227 1091 converti,
1263 1030 1551 1097 praesertim
1597 1047 1744 1096 qnum
1781 1030 1828 1080 in
1868 1032 2054 1097 legibus
2091 1031 2277 1082 civitati
2314 1033 2584 1083 scribendis
2619 1051 2699 1083 oc—

159 1124 366 1179 cupatus
400 1122 530 1163 esset
563 1130 705 1179 quam
743 1113 1046 1178 maxime.“¹)
1117 1113 1259 1162 Haec
1295 1113 1558 1174 sufficiant,
1595 1130 1753 1178 neque
1789 1113 1916 1163 enim
1948 1115 2064 1164 libet
2100 1115 2162 1163 de
2194 1115 2285 1163 hac
2316 1132 2367 1164 re
2404 1117 2545 1181 plura
2580 1117 2699 1166 scri-

161 1198 296 1257 bere,
343 1212 490 1262 quum
540 1195 811 1246 versionem
865 1195 1018 1258 illam,
1068 1212 1211 1261 quam
1250 1205 1426 1246 vocant
1475 1196 1645 1256 Lxx,
1692 1213 1720 1245 a
1771 1197 2050 1247 Ptolemaeo
2089 1198 2413 1264 Philadelpho
2452 1198 2700 1247 Demetrio

158 1288 357 1329 auctore
391 1267 653 1345 perfectam
690 1287 837 1345 atque
872 1276 1140 1329 absolutam
1177 1296 1288 1329 esse
1321 1279 1441 1328 satis
1478 1279 1591 1328 mihi
1628 1280 1693 1329 sit
1727 1281 2052 1345 exploratum.

291 1362 467 1412 Restat
501 1363 732 1428 denique,
768 1370 824 1411 ut
858 1363 1089 1411 nonnulla
1123 1362 1367 1411 addantur
1401 1362 1462 1410 de
1498 1362 1732 1411 Demetrii
1769 1363 1866 1411 vita
1904 1362 1953 1412 in
1994 1365 2228 1429 Aegypto
2263 1365 2338 1413 vel
2375 1364 2506 1428 apud
2542 1382 2698 1430 reges,

159 1462 362 1514 quorum
404 1446 558 1513 gratia
604 1462 713 1494 eum
760 1445 1018 1512 plurimum
1065 1445 1275 1494 valuisse
1321 1445 1557 1503 vidimus,
1607 1446 1684 1493 vel
1729 1446 1778 1494 in
1825 1446 1998 1494 exsilio
2044 1456 2309 1506 transacta,
2358 1456 2613 1512 postquam
2649 1448 2699 1497 in

162 1529 427 1580 Ptolemaei
456 1529 763 1595 Philadelphi
790 1530 919 1595 regis
946 1529 1263 1578 offensionem
1298 1528 1512 1577 incurrit.
1586 1528 1693 1576 Non
1725 1537 1965 1594 perpetua
1991 1529 2227 1577 Demetrii
2266 1532 2491 1579 Phalerei
2527 1532 2702 1581 mansit

160 1614 352 1663 fortuna
385 1612 433 1662 in
482 1614 727 1677 Aegypto.
817 1612 1032 1661 Primum
1081 1612 1207 1661 enim
1250 1612 1500 1661 oculorum
1539 1612 1721 1660 lumina
1756 1612 2051 1676 aliquamdiu
2088 1629 2199 1661 eum
2235 1613 2454 1662 amisisse
2500 1614 2702 1679 legimus

158 1696 302 1760 apud.
340 1694 479 1760 Diog.
517 1693 765 1744 Laertium
803 1693 859 1743 V.
897 1696 942 1743 5.
977 1693 1108 1755 76.2)
1177 1694 1384 1745 Causam
1432 1693 1586 1746 morbi
1632 1693 1964 1760 ignorantibus
2011 1694 2272 1746 verisimile
2320 1695 2538 1757 videtur,
2577 1713 2702 1759 eum,

159 1796 307 1843 quum
342 1786 503 1827 aerem
527 1777 735 1826 calidum
767 1777 1011 1827 sustinere
1046 1794 1140 1827 non
1169 1777 1424 1842 potuisset,
1459 1777 1616 1827 oculis
1653 1786 1849 1842 captum
1887 1794 2026 1837 esse3
2066 1778 2152 1827 sed
2191 1795 2508 1844 recuperasse
2543 1788 2704 1830 tamen

159 1863 408 1911 oculorum
445 1860 594 1910 aciem
632 1861 932 1910 Demetrium
973 1860 1286 1923 Phalereum,
1328 1879 1356 1911 a
1392 1859 1683 1928 Serapide⁸)
1716 1860 1831 1921 deo,
1869 1867 1924 1910 ut
1958 1859 2148 1921 dicunt,
2184 1871 2422 1923 sanatum,
2461 1862 2703 1928 Diogenes

220 1980 253 2029 ¹)
285 1982 467 2036 Longum
496 1986 558 2024 est
587 1981 652 2024 illa
681 1984 814 2026 omnia
843 1981 1042 2036 proferre,
1082 1993 1171 2036 quae
1200 1982 1357 2024 Aristaei
1387 1983 1601 2024 narrationi
1632 1986 1909 2036 opponuntur,
1951 1993 2072 2035 quum
2102 1983 2336 2035 praesertim
2368 1995 2414 2023 ea
2446 1983 2633 2024 refellere
2662 1989 2703 2024 et

291 2055 540 2108 redarguere
567 2055 712 2096 nullius
742 2056 796 2096 sit
836 2055 998 2108 negotii.
1070 2055 1285 2096 Wowerus
1316 2055 1340 2095 l.
1371 2055 1410 2106 l.‚
1443 2057 1603 2096 omnino
1642 2055 1803 2096 infirmis
1831 2055 2090 2107 ,argumentis
2128 2055 2262 2104 nisus,
2302 2054 2351 2095 ad
2383 2056 2553 2096 Aristaeo
2584 2055 2701 2097 fidem

293 2127 565 2180 abrogandam
594 2128 646 2169 ita
679 2128 794 2168 dicit:
838 2125 1046 2172 „Ridicule
1075 2139 1172 2168 vero
1202 2139 1339 2181 regem
1370 2132 1604 2181 praesentem
1636 2140 1707 2180 per
1737 2127 1945 2180 epistolam
1979 2126 2197 2179 alloquitur
2225 2127 2461 2168 Demetrius.
2502 2127 2550 2169 Et
2576 2129 2610 2169 si
2627 2128 2704 2170 hoc

292 2211 404 2242 more
428 2200 642 2242 Ptolemaeo
660 2201 806 2241 usitato
827 2200 954 2253 ipsum
987 2198 1133 2240 fecisse
1155 2199 1442 2250 concedamus,
1476 2214 1552 2254 qua
1578 2212 1732 2254 quaeso
1754 2202 1910 2242 ratione
1931 2199 2093 2251 suadet,
2123 2200 2377 2241 scribendum
2402 2200 2451 2241 ad
2474 2201 2702 2242 Judaeorum

291 2347 384 2389 Haec
413 2346 550 2388 scribit
570 2347 794 2387 Demetrius
825 2345 1028 2399 imperitus
1061 2346 1220 2386 omnino
1247 2346 1392 2386 rituum
1420 2345 1690 2397 Judaicorum,
1720 2357 1838 2386 senes
1870 2358 1923 2386 ex
1953 2345 2123 2399 singulis
2153 2346 2332 2385 tribubus
2364 2357 2457 2384 esse
2492 2347 2701 2398 petendos,

292 2424 334 2461 ut
370 2421 409 2462 in
453 2423 560 2461 tanta
591 2420 849 2472 interpretum
881 2417 1132 2459 multitudine
1160 2418 1257 2458 illud
1290 2418 1558 2472 praeferrent,
1598 2418 1637 2457 in
1669 2428 1750 2470 quo
1782 2418 2107 2457 consensissent“
2141 2422 2217 2457 etc.
2278 2417 2457 2470 lneptum
2495 2431 2592 2459 vero
2624 2431 2702 2459 non

291 2504 402 2544 esse,
432 2490 542 2546 quod
573 2491 795 2533 Demetrius
823 2503 964 2544 regem
1001 2494 1240 2543 praesentem
1271 2502 1343 2543 per
1373 2490 1579 2543 epistolam
1611 2490 1747 2539 adeat,
1789 2489 1994 2543 colloquio
2024 2500 2115 2529 cum
2147 2489 2362 2530 Ptolemaeo
2392 2502 2495 2543 rege
2525 2491 2576 2531 de
2607 2503 2702 2532 ver—

292 2564 426 2618 tendis
456 2564 582 2606 sacris
611 2563 854 2606 Judaeorum
885 2563 994 2604 libris
1027 2563 1172 2613 habito,
1203 2564 1299 2604 satis
1329 2567 1493 2616 apparet
1522 2574 1575 2603 ex
1604 2564 1651 2603 iis
1682 2562 1803 2613 locis,
1842 2573 1948 2615 quos
1978 2560 2094 2603 affert
2125 2561 2171 2602 H.
2204 2561 2354 2603 Hodius
2386 2562 2436 2603 de
2465 2561 2555 2603 bibl.
2588 2568 2704 2604 textu

294 2637 437 2687 origin.
467 2649 506 2688 p.
539 2636 607 2677 65.
651 2657 708 2664 -
754 2636 863 2676 Hanc
893 2649 976 2677 rem
1007 2635 1130 2676 multo
1173 2636 1375 2688 copiosius
1406 2647 1611 2689 exponere
1645 2640 1844 2689 poteram,
1882 2634 1956 2676 sed
1987 2647 2055 2687 ea,
2089 2647 2195 2688 quae
2232 2636 2392 2688 saepius
2417 2635 2501 2688 jam
2532 2639 2701 2679 tractata

291 2713 385 2748 sunt
413 2698 434 2748 a
465 2708 561 2748 viris
591 2708 883 2758 eruditissimis,
914 2711 1133 2749 retractare
1163 2705 1356 2749 nolebam·

216 2776 254 2826 ²)
287 2781 402 2833 Diog.
441 2779 570 2820 Laert.
613 2779 657 2820 V.
706 2780 745 2830 5,
791 2777 859 2820 76.
932 2775 1079 2829 λέγεται
1120 2775 1163 2817 δὲ
1203 2772 1454 2828 ἀποβαλόντα
1493 2772 1612 2817 αὐτὸν
1649 2772 1721 2823 τὰς
1760 2770 1871 2827 ὄψεις
1910 2776 1948 2815 ἐν
1984 2772 2260 2828 Ἀλεξανδρείᾳ,
2301 2774 2545 2827 κομίσασθαι
2586 2772 2704 2822 αὖθις

291 2844 400 2901 παρὰ
427 2847 498 2889 τοῦ
529 2844 759 2899 Σεράπιδος·
801 2844 898 2889 ὅθεν
925 2850 989 2888 καὶ
1017 2844 1108 2894 τοὺς
1145 2848 1310 2894 παιᾶνας
1337 2847 1495 2898 ποιῆσαι
1525 2845 1617 2895 τούς
1654 2849 1763 2901 μέχρι
1799 2848 1867 2888 νῦν
1895 2845 2114 2899 ᾀδομένους.
2173 2850 2220 2891 cf.
2254 2851 2513 2893 casaubonus
2542 2852 2592 2893 ad
2623 2852 2658 2892 h.
2679 2852 2703 2892 l.

218 2920 254 2970 ³)
287 2924 502 2966 Celebatur
541 2922 700 2977 quidem
741 2923 902 2977 Serapis
951 2922 1057 2977 apud
1097 2923 1323 2977 Aegyptios
1362 2922 1533 2977 Memphi
1571 2923 1666 2965 inde
1709 2924 1758 2965 ab
1807 2924 2092 2978 antiquissimis
2130 2925 2376 2977 temporibus
2418 2924 2567 2977 diuque
2613 2929 2706 2965 ante

292 2995 556 3049 Ptolemaeos
586 2995 619 3039 is
648 2998 779 3040 autem
809 2995 982 3051 Serapis
1024 2995 1076 3039 de
1105 3005 1187 3050 quo
1217 2995 1280 3037 hic
1310 2996 1456 3050 agitur,
1488 3007 1510 3038 a
1541 2995 1770 3039 Ptolemaeo
1800 2996 1897 3052 Lagi
1929 2997 2077 3051 Sinope
2107 2994 2389 3036 Alexandriam
2420 2995 2615 3037 advectus
2643 3003 2706 3038 est

297 3069 434 3124 ibique
462 3068 542 3115 coli
573 3073 754 3125 coeptus.
814 3068 926 3113 Hunc
957 3067 1095 3121 deum,
1127 3072 1171 3112 ut
1199 3069 1360 3112 Tacitus
1390 3069 1478 3112 hist.
1509 3068 1574 3111 lV.
1605 3068 1689 3123 84,
1719 3070 1832 3112 multi
1861 3069 2162 3125 Aesculapium,
2195 3070 2303 3123 quod
2333 3068 2543 3110 medeatur
2571 3072 2705 3124 aegris

296 3143 553 3195 corporibus,
584 3143 744 3197 quidam
776 3143 925 3192 Osirin,
957 3143 1271 3196 antiquissimum
1305 3142 1595 3198 Aegyptiorum
1627 3154 1794 3196 numen,
1829 3142 1985 3197 plurimi
2017 3143 2143 3183 Ditem
2173 3147 2320 3196 patrem
2351 3143 2594 3197 conjectant.
2655 3143 2704 3181 ct.

298 3216 424 3259 Amm.
456 3213 673 3258 Marcellin.
705 3214 824 3259 xxu.
859 3213 922 3257 16.
