2853 3836
1400 164 1500 222 15

181 292 438 364 dicentem,
472 301 513 353 si
547 301 686 353 alteri
717 299 957 363 dedisset,
1000 300 1159 368 ipsum
1196 313 1291 351 nou
1328 297 1604 349 habiturum
1642 312 1765 348 esse.
1839 294 1914 348 Ad
1954 296 2271 349 difficultates
2304 305 2480 362 autem,
2515 301 2562 352 in
2595 316 2718 369 quas

182 399 331 451 supra
363 383 668 444 incurrimus,
712 382 856 449 plane
889 381 1222 448 infringendas
1267 395 1414 446 aegre
1449 394 1671 428 caremus
1707 377 1923 444 ejusdem
1961 380 2148 430 autoris
2186 380 2466 432 testimonio
2499 382 2560 432 de
2596 392 2718 434 tem-

182 484 321 550 pore,
366 484 463 535 quo
501 463 804 527 Demetrius,
850 480 998 531 quum
1033 464 1188 531 gratia
1225 461 1354 529 regis
1390 460 1678 522 excidisset,
1724 463 1892 528 procul
1937 479 1964 513 a
2001 463 2133 530 regia
2170 471 2221 512 et
2268 462 2563 515 Alexandria
2600 467 2719 517 urbe

181 553 228 602 in
265 550 488 603 exsilium
526 548 703 600 missus
738 556 828 599 est.
900 548 954 598 ld
991 547 1187 615 quidem
1233 550 1450 606 constat,
1494 559 1604 593 eum
1643 551 1751 609 post
1786 553 1987 595 mortem
2026 545 2295 597 Ptolemaei
2331 546 2452 613 Lagi
2488 566 2515 598 a
2555 548 2720 600 Phila-

181 635 360 715 delpho
408 632 508 684 lilio
552 632 602 683 iu
636 632 859 684 exsilium
907 640 1070 683 actum
1119 630 1168 681 in
1204 627 1427 679 custodia
1472 625 1574 677 sato
1605 625 1824 676 functum
1861 643 1991 688 esse,
2042 645 2198 694 neque
2246 647 2363 680 vero
2399 632 2561 682 verbis
2594 634 2718 694 μετὰ

180 719 272 785 τὴν
315 715 497 765 ἐκείνου
541 714 769 782 τελευτήν
800 698 1104 774 adducimur,
1152 719 1207 761 ut
1241 727 1352 761 eum
1389 709 1552 760 statim
1590 716 1703 776 post
1739 708 1868 759 illius
1905 717 2120 770 mortem,
2163 712 2248 761 sed
2287 713 2462 779 potius,
2500 714 2720 766 christia—

100 855 111 861 ,
181 815 350 851 uorum
401 799 692 865 scriptorum
742 798 889 848 fldem
940 795 1120 856 secuti,
1178 793 1509 857 compluribus
1560 792 1702 842 aunis
1762 791 2053 857 interjectis,
2115 793 2161 842 in
2217 793 2340 843 hauc
2398 797 2721 848 calamitatem

180 881 406 932 incidisse
442 881 713 931 credamus.
787 875 1091 927 Demetrium
1126 892 1154 925 a
1194 875 1471 924 Ptolemaeo
1504 873 1552 923 iu
1599 872 1801 939 gratiam
1841 882 2091 939 receptum
2147 891 2208 923 ex
2246 876 2419 924 exsilio
2454 877 2503 925 in
2538 880 2719 944 regiam

181 963 384 1016 rediisse
417 978 655 1028 nusquam
693 959 910 1028 legimus.
984 956 1426 1024 Vitaaliquamdiu
1463 955 1510 1007 in
1557 956 1730 1007 exsilio
1777 964 1961 1007 maeste
2002 964 2267 1018 transacta,
2321 957 2532 1009 violenta
2569 972 2721 1013 morte

180 1064 290 1097 eum
329 1045 533 1113 periisse
568 1044 717 1094 tradit
761 1042 1006 1108 Diogenes
1042 1040 1272 1091 Laertius
1308 1041 1337 1089 l.
1375 1041 1423 1101 l.,
1460 1054 1617 1105 neque
1661 1055 1688 1087 a
1726 1038 1826 1088 veri
1870 1039 2036 1105 specie
2082 1041 2333 1101 abhorret,
2381 1057 2528 1107 quum
2578 1042 2724 1110 hujus

183 1131 311 1179 vitae
344 1144 454 1177 eum
490 1128 726 1187 taederet,
763 1127 934 1192 aspide
968 1125 1029 1174 ad
1066 1140 1245 1191 corpus
1280 1124 1497 1183 admota,
1535 1121 1855 1171 voluntariam
1895 1130 2097 1170 mortem
2135 1124 2178 1171 ei
2216 1124 2461 1189 obtigisse,
2505 1125 2554 1174 id
2593 1127 2723 1191 quod

181 1213 353 1261 Cicero
387 1210 590 1261 inuuere
620 1209 814 1259 videtur
849 1208 895 1257 iu
926 1206 1142 1257 oratione
1178 1223 1266 1273 pro
1303 1205 1501 1256 Rabirio
1534 1222 1574 1254 c.
1606 1204 1652 1255 9.
1732 1203 1922 1265 „Video
1955 1203 2256 1255 Demetrium
2293 1215 2343 1256 et
2377 1223 2440 1256 ex
2476 1207 2724 1272 republica

183 1292 568 1354 Atheniensium,
613 1308 755 1357 quam
790 1291 975 1356 optime
1009 1290 1291 1355 digesserat,
1327 1295 1377 1339 et
1412 1304 1475 1337 ex
1512 1288 1729 1337 doctrina
1767 1287 1974 1336 nobilem
2013 1294 2064 1337 et
2099 1289 2298 1349 clarum,
2335 1289 2417 1353 qui
2455 1289 2725 1342 Phalereus

183 1376 425 1426 vocitatus
470 1383 570 1435 est,
615 1375 663 1423 iu
711 1373 882 1423 eodem
932 1372 1027 1423 isto
1080 1370 1292 1437 Aegypti
1342 1387 1492 1435 regno
1540 1370 1711 1436 aspide
1756 1371 1817 1419 ad
1866 1386 2044 1435 corpus
2090 1370 2284 1420 admota
2333 1370 2429 1420 vita
2476 1389 2587 1422 esse
2622 1374 2723 1439 pri·

184 1462 397 1508 vatum.“

317 1540 459 1591 Haec
485 1530 588 1589 sere
613 1545 743 1600 sunt,
778 1555 899 1604 quae,
936 1547 1153 1587 veterum
1191 1536 1486 1602 scriptorum
1521 1533 1639 1585 locis
1666 1534 1792 1585 inter
1828 1552 1883 1584 se
1905 1534 2108 1597 collatis,
2145 1534 2206 1585 de
2230 1534 2468 1586 Demetrii
2499 1535 2721 1588 Phalerei

184 1626 281 1675 vita
316 1631 366 1675 et
398 1624 548 1675 rebus
582 1621 731 1689 gestis
767 1621 863 1671 dici
901 1629 1124 1688 possunt.

1326 1734 1406 1786 Ca
1420 1753 1468 1803 p.
1515 1733 1577 1786 X.

952 1836 1043 1893 De
1093 1836 1397 1892 Demetrio
1439 1842 1679 1892 oratore
1732 1834 1949 1911 agitur.

313 1961 599 2013 Demetrius
630 1960 912 2022 Phalereus,
948 1978 1090 2027 quem
1123 1970 1317 2027 praeter
1354 1945 1556 2011 eximias
1591 1960 1769 2026 ingenii
1805 1961 1947 2011 dotes
1976 1976 2214 2010 summum
2251 1962 2471 2013 discendi
2499 1963 2721 2015 ardorem

183 2046 408 2096 attulisse
439 2045 644 2107 scimus,
689 2062 723 2110 a,
752 2045 1121 2110 Theophrasto,
1176 2043 1507 2094 eruditissimo
1553 2044 1629 2094 sui
1674 2044 1904 2108 temporis
1950 2043 2265 2110 philosopho,
2309 2046 2567 2098 institutus
2614 2065 2723 2099 cum

184 2128 518 2195 philosophiae
564 2135 665 2178 tum
714 2127 1018 2194 eloquentiae
1063 2126 1263 2188 studiis,
1313 2134 1367 2177 ut
1415 2125 1546 2176 varia
1595 2125 1945 2192 multiplicique
1995 2143 2158 2176 rerum
2210 2127 2430 2179 doctriua
2478 2129 2724 2197 ingenium

185 2213 454 2273 excoleret,
497 2220 644 2278 atque
675 2210 1032 2261 eruditissimus
1075 2210 1150 2260 sui
1188 2208 1420 2276 temporis
1464 2217 1708 2259 oratorum
1746 2218 1796 2259 et
1841 2217 1969 2259 esset
2003 2219 2055 2260 et
2090 2211 2374 2274 haberetur,
2420 2213 2726 2279 eloquentiae

185 2306 234 2345 et
279 2294 616 2363 philosophiae
663 2295 842 2344 studiis
877 2311 986 2342 cum
1032 2294 1446 2342 administrandae
1492 2293 1703 2342 civitatis
1754 2302 1860 2342 arte
1909 2294 2205 2360 conjunctis,
2252 2304 2480 2361 tanquam
2529 2298 2723 2347 unicum

186 2383 312 2430 inter
349 2379 571 2429 Graecos
606 2380 883 2443 exemplum
914 2387 1109 2443 praeter
1143 2386 1335 2426 ceteros
1364 2377 1611 2426 excelluit.
1664 2376 1818 2437 „Nam
1848 2378 2087 2426 nemiuem
2118 2378 2277 2440 video,
2310 2379 2467 2445 iuquit
2487 2381 2723 2446 Cicero‚¹)

186 2462 490 2512 Graecorum
537 2459 698 2511 adhuc
742 2459 1024 2525 contigisse,
1077 2467 1130 2508 ut
1175 2459 1303 2508 idem
1350 2468 1559 2524 utroque
1602 2459 1649 2508 in
1698 2476 1877 2524 genere
1928 2461 2202 2510 elaboraret
2248 2470 2630 2528 sequereturque
2674 2474 2724 2513 et

186 2545 304 2595 illud
340 2545 534 2594 forense
568 2543 761 2593 dicendi
807 2551 857 2592 et
901 2543 992 2592 hoc
1026 2542 1243 2608 quietum
1280 2541 1565 2608 disputandi
1601 2559 1784 2608 genus:
1838 2543 1927 2593 nisi
1975 2543 2101 2593 forte
2139 2545 2417 2595 Demetrius
2457 2547 2724 2598 Phalereus

185 2630 232 2678 in
269 2629 360 2678 hoc
394 2643 595 2677 numero
631 2627 795 2677 haberi
835 2633 1012 2692 potest,
1047 2626 1324 2691 disputator
1359 2624 1570 2687 subtilis,
1617 2633 1780 2675 orator
1815 2643 1984 2691 parum
2024 2627 2309 2688 vehemens,
2354 2629 2510 2678 dulcis
2545 2637 2725 2692 tamen,

186 2723 241 2763 ut
269 2710 599 2776 Theophrasti
636 2710 926 2775 discipulum
964 2702 1129 2775 possis*
1157 2711 1514 2774 agnoscere.“²)
1583 2709 1795 2759 Summis
1828 2709 1976 2776 igitur
2012 2712 2234 2761 laudibus
2265 2729 2290 2760 a
2322 2711 2572 2764 veteribus
2597 2716 2725 2765 cele-

188 2799 355 2845 bratur
390 2793 623 2844 Demetrii
665 2793 889 2842 Phalerei
926 2793 1216 2859 eloquentia,
1251 2809 1376 2858 quae
1410 2792 1565 2856 qualis
1602 2792 1762 2853 fuerit,
1796 2810 1945 2859 quum
1981 2812 2043 2843 ex
2073 2795 2228 2862 ipsius
2254 2795 2489 2845 Demetrii
2517 2797 2724 2864 scriptis,

189 2888 359 2944 utpote
394 2893 518 2945 quae
552 2877 612 2927 ad
657 2892 804 2927 unum
841 2876 999 2925 omnia
1037 2874 1279 2942 perierint,
1315 2890 1607 2939 cognoscere
1630 2889 1725 2924 non
1754 2875 1913 2937 liceat,
1950 2877 1997 2927 in
2026 2878 2141 2928 solis
2170 2885 2390 2928 veterum
2422 2879 2725 2943 testimoniis,

188 2961 405 3029 inprimis
433 2961 704 3022 Ciceronis,
739 2958 1102 3024 locupletissimi
1133 2959 1221 3008 hac
1247 2958 1293 3008 iu
1321 2975 1375 3008 re
1403 2958 1627 3019 auctoris,
1662 2959 1741 3010 cui
1765 2976 1827 3010 ex
1854 2960 1982 3011 illius
2008 2960 2307 3012 orationibus
2344 2961 2564 3013 redolere
2587 2961 2729 3030 ipsae

190 3044 414 3097 Athenae
458 3044 688 3096 videntur
723 3041 885 3106 (Brut.
923 3060 963 3094 c.
997 3042 1099 3103 82),
1155 3041 1557 3107 acquiescendum
1603 3040 1710 3094 erit.
1792 3043 1994 3095 Duobus
2041 3043 2341 3109 potissimum
2389 3045 2506 3096 locis
2551 3046 2727 3098 Cicero

249 3179 260 3203 ¹
317 3182 366 3224 de
395 3179 461 3224 off.
493 3181 520 3223 l.
555 3181 594 3223 1.

245 3182 285 3301 ’ζ
316 3254 366 3296 cf.
398 3259 608 3297 comment.
640 3268 754 3298 meae
783 3260 882 3309 part.
915 3255 943 3298 1.
973 3268 1010 3310 p.
1045 3253 1236 3307 12—17.,
1271 3255 1335 3297 ubi
1366 3253 1496 3309 agitur
1527 3252 1578 3297 de
1607 3255 1796 3297 Demetrii
1828 3254 2072 3297 institutione
2104 3258 2143 3295 et
2174 3253 2369 3296 doctrina.
