2853 3836
1317 155 1418 214 21

795 295 846 352 1.
940 295 1237 374 Opera,
1288 257 1933 373 philosophica.

249 421 322 471 Ad
361 420 798 488 philosophicorum
836 438 1035 488 operum
1073 423 1292 482 classem,
1327 420 1457 486 quod
1488 409 1695 486 quidem'
1717 439 1778 472 ex
1815 422 2047 473 librorum
2087 421 2238 472 titulis
2275 421 2430 487 colligi
2469 426 2634 489 possit,

111 503 231 554 haec
268 504 538 571 pertinent=
937 510 940 512 ’

182 610 223 653 l.
259 601 523 669 Ἐρωτικός,
559 603 622 653 de
656 621 820 654 amore
853 605 959 655 sive
997 604 1059 653 de
1094 603 1243 661 rebus
1277 601 1589 666 amatoriis.¹)

175 690 221 740 2,
258 687 582 749 Πτολεμαῖος.
654 688 1009 748 Ptolemaeum,
1055 685 1177 750 Lagi
1212 685 1388 751 lilium,
1433 684 1615 733 dictum
1661 701 1772 734 esse
1810 686 2065 735 verisimile
2100 695 2189 737 est.
2226 745 2239 753 ⁵
2269 688 2424 738 Hunc
2460 690 2632 740 librum

244 785 447 834 eosque,
483 770 562 834 qui
599 776 896 835 sequuntur,
940 776 1127 834 septem
1169 768 1386 833 dialogos
1422 767 1781 833 philosophicos
1826 768 1977 817 fuisse
2013 769 2213 830 aliorum
2249 773 2504 832 librorum,
2554 774 2635 837 qui

244 851 403 901 adhuc
426 859 634 912 exstant,
669 851 857 901 indices
882 849 1101 900 indicare
1135 849 1377 912 videntur,
1412 865 1700 916 quamquam
1738 857 1787 899 et
1809 840 1938 900 hunc
1965 856 2015 900 et
2041 850 2175 912 alios,
2209 860 2263 902 ut
2295 855 2635 917 Artaxerxem,

245 933 547 998 Dionysium,
582 935 708 983 vitas
744 932 932 982 illorum
971 931 1182 982 virorum
1219 932 1352 983 libris
1383 931 1723 997 inscriptorum
1758 933 2057 983 continuisse
2091 934 2328 1000 suspicari
2365 934 2488 985 licet.

176 1022 220 1066 3.
259 1014 570 1073 Φαιδώνδας.
610 1056 620 1071 ,
662 1015 983 1065 Phaedondas
1030 1016 1319 1076 Thebanus,
1372 1030 1466 1064 non
1516 1015 1831 1080 Cyrenaeus,
1878 1016 1958 1078 (cf.
1997 1016 2252 1066 Ruhnken.
2301 1018 2361 1066 ad
2410 1018 2633 1084 Xenopb.

246 1099 387 1151 Mem.
425 1099 461 1147 1.
498 1099 543 1148 2.
580 1098 683 1162 ⁴8.)
718 1099 932 1148 Socratis
970 1098 1060 1148 fuit
1094 1098 1377 1166 discipulus,
1413 1116 1555 1165 quem
1598 1098 1735 1148 Plato
1777 1098 1824 1147 in
1867 1098 2049 1149 Phaed.
2084 1118 2124 1148 c.
2165 1100 2250 1149 ΙΙΙ.
2287 1118 2395 1150 cum
2434 1101 2637 1151 Socrate

244 1184 306 1231 de
340 1183 607 1232 animorum
644 1182 1003 1231 immortalitate
1037 1184 1389 1248 colloquentem
1426 1183 1555 1232 fecit.

178 1266 222 1312 4.
261 1265 487 1313 Μαίδων.
558 1264 685 1330 Quis
720 1265 886 1327 suerit,
938 1264 1228 1332 ignoramus.
1263 1289 1271 1301 x

243 1430 371 1480 hunc
404 1429 575 1481 librum
612 1430 713 1480 sivc
750 1428 992 1494 dialogum
1021 1428 1084 1479 de
1118 1429 1314 1480 libidine
1349 1430 1677 1495 conscriptum
1709 1446 1817 1481 esse
1841 1428 2040 1496 conjicio
2052 1448 2066 1492 ;
2103 1447 2212 1482 nam
2238 1429 2470 1483 Cleonem
2498 1431 2632 1483 illum

244 1512 587 1563 concitatorem
624 1512 756 1578 vulgi
792 1512 973 1563 dictum
1010 1529 1117 1562 esse
1151 1499 1247 1562 non
1284 1520 1371 1574 est,
1412 1512 1541 1578 quod
1580 1510 1919 1578 conjectemus.

174 1596 221 1644 6.
259 1596 577 1661 Ἀρταξέρξης.
648 1594 773 1660 Quis
806 1593 1151 1659 intelligendus
1187 1594 1274 1657 sit,
1308 1594 1508 1646 dubium
1542 1602 1631 1646 est.

174 1680 220 1726 7.
256 1679 582 1743 Ἀριστείδης,
635 1677 873 1727 Aristides
917 1677 1022 1727 sive
1066 1678 1129 1726 de
1166 1676 1374 1742 justitia.
1451 1677 1604 1727 Hunc
1647 1677 1819 1726 librum
1867 1677 2014 1728 vitam
2065 1677 2297 1728 Aristidis
2342 1679 2637 1730 continuisse

242 1778 336 1811 non
373 1769 450 1811 est
484 1761 769 1821 verisimile,
805 1760 933 1825 quod
969 1760 1000 1808 ii
1036 1760 1320 1826 scriptores,
1356 1760 1438 1826 qui
1470 1777 1548 1810 res
1582 1758 1643 1809 ad
1677 1760 1905 1810 Aristidis
1940 1761 2084 1810 vitam
2123 1761 2425 1826 pertinentes
2459 1761 2636 1812 Deme-

243 1844 335 1893 trio
373 1844 610 1894 Phalereo
644 1850 844 1893 auctore
880 1841 1206 1907 tradiderunt,
1253 1859 1336 1893 eas
1382 1859 1444 1893 ex
1490 1842 1724 1893 Demetrii
1773 1843 1917 1905 libro,
1966 1843 2048 1908 qui
2094 1843 2324 1894 Socrates
2372 1844 2636 1910 inscriptus

243 1938 331 1988 est,
368 1946 422 1977 se
457 1927 680 1977 hausisse
716 1926 1018 1992 profitentur.

172 2014 218 2063 S.
255 2011 618 2078 Ἀριστόμαχος,
679 2011 816 2076 Diog.
852 2010 1015 2059 Laert.
1051 2009 1106 2056 V.
1141 2009 1185 2057 4.
1209 2010 1288 2058 70.
1341 2009 1727 2058 Aristomachum
1759 2009 2076 2075 quendam‘in
2113 2008 2329 2075 Lyconis
2365 2011 2629 2059 amicorum

242 2111 495 2146 numerum
531 2095 707 2155 refert3
759 2093 974 2160 aequalis
1019 2092 1168 2159 igitur
1209 2092 1302 2143 fuit
1350 2092 1606 2154 Demetrii3
1657 2108 1770 2142 num
1819 2108 1935 2142 vero
1981 2107 2043 2141 ex
2091 2107 2149 2141 eo
2195 2092 2415 2158 dialogus
2461 2110 2633 2144 nomen

242 2178 442 2244 ceperit,
477 2176 834 2244 cognosci,non
872 2183 1049 2244 potest.

181 2262 226 2313 9.
265 2260 542 2337 Διονύσιος,
596 2260 864 2326 Dionysius
898 2260 1002 2311 sive
1038 2258 1100 2310 de
1134 2259 1342 2311 luxuria.

143 2359 218 2407 10.
260 2348 569 2426 Σωκράτης.
640 2356 774 2404 {dem
811 2365 887 2405 est
922 2355 1056 2415 liber,
1092 2355 1175 2421 qui
1209 2373 1238 2404 a
1274 2355 1494 2420 Diogene
1530 2354 1728 2404 Laertio
1764 2352 1850 2404 lx.
1894 2355 1931 2404 Ι.
1971 2355 2045 2404 10.
2092 2353 2176 2404 ΙΧ.
2212 2354 2258 2403 7.
2296 2356 2342 2403 5.
2392 2353 2474 2403 lx.
2511 2355 2557 2405 9.
2590 2359 2634 2403 l.

240 2440 544 2504 Σωκράτους
578 2439 815 2497 ἀπολογία
848 2438 1110 2502 inscriptus
1145 2438 1347 2498 citatur,
1397 2454 1548 2503 quare
1591 2438 1655 2487 de
1693 2445 1976 2502 argumento
2022 2435 2169 2502 hujus
2214 2437 2320 2487 libri
2356 2437 2489 2486 dubii
2524 2455 2634 2487 esse

243 2540 338 2572 non
375 2538 646 2587 possumus.
700 2521 761 2570 cf.
796 2521 997 2570 Jonsius
1033 2520 1096 2570 de
1130 2519 1449 2585 scriptoribus
1485 2519 1716 2569 historiae
1749 2519 2112 2585 philosophicae
2148 2519 2184 2568 Ι.
2214 2522 2289 2567 18.
2328 2518 2492 2585 Hujus
2528 2520 2633 2568 libri

243 2607 473 2656 nonnulla
510 2606 778 2671 fragmenta
813 2603 1136 2671 reperiuntur.

1208 2718 1440 2786 Fragm.
1495 2720 1530 2769 Ι.

1043 2803 1183 2870 Diog.
1219 2803 1383 2853 Laert.
1431 2802 1516 2852 lx.
1552 2802 1597 2851 7.
1635 2804 1678 2851 5.

241 2901 523 2970 Δημήτριος
567 2900 620 2950 δὲ
664 2906 689 2949 ὁ
730 2900 988 2967 Φαληρεὺς
1032 2904 1083 2947 ἐν
1116 2903 1180 2966 τῇ
1216 2896 1521 2964 Σωκράτους
1565 2896 1805 2962 ἀπολογίᾳ
1839 2883 1996 2963 μηδὲ
2031 2883 2222 2940 ἑλὸθῐυ
2270 2909 2427 2961 φησιν
2461 2884 2633 2941 αὐτὸν

107 2998 488 3063 (Democritum)
532 2988 611 3048 εἷς·
645 2982 909 3056 Ἀθήνας-

167 3133 200 3183 ’,“)
231 3134 548 3190 Theophrastum
580 3144 760 3189 quoque,
792 3141 871 3186 quo
910 3133 1173 3185 praeceptore
1202 3129 1440 3173 Demetrium
1477 3137 1592 3170 usum
1624 3138 1716 3169 esse
1746 3130 1920 3177 constat,
1961 3125 2123 3179 librum,
2160 3118 2359 3173 Ἐρωτικόν
2388 3124 2634 3190 inscriptum,

240 3208 477 3261 confecisse,
507 3208 688 3252 videmus
719 3219 769 3250 ex
789 3207 970 3260 Diogene
987 3203 1147 3247 Laertio
1165 3203 1209 3246 V.
1225 3203 1263 3247 2.
1286 3202 1363 3255 43,
1395 3201 1463 3255 qui
1483 3201 1748 3256 Theophrasti
1776 3200 2013 3254 scriptorum
2035 3198 2202 3240 indicem
2222 3198 2426 3240 memoriae
2448 3198 2634 3252 prodidit.
