2853 3836
253 868 556 963 Postquam
582 903 697 946 ante
721 896 820 946 hos
848 894 1016 946 decem
1041 909 1195 946 annos
1223 894 1274 945 in
1302 895 1718 946 commentationis
1748 896 1811 946 de
1845 896 2078 947 Demetrii
2110 897 2333 946 Phalerei
2361 897 2472 959 vita,
2506 901 2652 949 rebus

121 992 272 1056 gestis
315 999 367 1041 et
410 991 702 1057 scriptorum
748 991 965 1057 reliquiis
1011 998 1135 1058 part.
1174 991 1210 1040 Ι.
1259 989 1534 1052 (Hersi'eid.
1573 990 1717 1052 1847,
1751 989 1831 1052 6-1,
1865 991 1933 1051 4.)
1985 990 2219 1041 Demetrii
2265 989 2413 1041 vitam
2460 991 2653 1057 quidem

121 1091 171 1133 et
205 1100 285 1149 res
320 1086 381 1133 ab
416 1100 474 1134 eo
509 1092 674 1150 gestas
710 1083 890 1151 majore
924 1100 987 1134 ex
1026 1092 1164 1151 parte
1199 1094 1466 1134 exsecutus
1495 1090 1679 1144 sum‚¹)
1729 1099 1826 1133 uno
1872 1093 2081 1150 excepto
2125 1084 2285 1149 capite
2320 1085 2384 1133 de
2419 1085 2654 1134 Demetrii

120 1176 168 1227 in
206 1177 436 1243 Aegypto
471 1177 859 1241 commoratione,
894 1178 1038 1245 quod,
1074 1194 1135 1229 ne
1164 1177 1325 1246 justos
1359 1177 1778 1228 commentationis
1814 1177 1937 1226 fines
1973 1178 2278 1238 excederem,
2314 1194 2424 1226 cum
2461 1178 2655 1239 ceteris,

121 1288 246 1335 quae
290 1270 352 1320 ad
398 1270 700 1320 Demetrium
743 1271 1032 1321 Phalereum
1076 1271 1349 1337 pertinent,
1396 1271 1444 1321 in
1492 1271 1623 1322 aliud
1669 1279 1862 1335 tempus
1908 1271 2152 1334 edendum
2198 1272 2510 1334 distuleram3
2562 1274 2655 1322 hoc

119 1365 314 1416 demum
360 1374 602 1432 tempore,
646 1384 743 1433 quo
789 1365 1141 1417 dissertationis
1190 1364 1476 1416 scribendae
1512 1362 1808 1429 provinciam
1846 1362 1961 1414 mihi
1997 1363 2224 1416 evenisse
2258 1364 2438 1426 laetor,
2482 1364 2556 1416 ad-
2581 1380 2652 1424 ea,

117 1475 243 1524 quae
283 1459 445 1509 adhuc
479 1467 597 1510 sunt
630 1460 923 1522 intermissa,
970 1460 1134 1510 studia
1168 1460 1331 1509 redire
1365 1460 1481 1509 mihi
1517 1460 1644 1508 licet.
1712 1459 1907 1524 ltaque,
1953 1459 2284 1522 disputatione
2318 1461 2381 1509 de
2418 1460 2653 1509 Demetrii

119 1553 166 1603 in
195 1553 444 1618 *Aegypto
487 1553 866 1603 commoratione
909 1553 971 1610 ad
1019 1553 1161 1603 linem
1187 1553 1470 1620 perducta,
1517 1552 1832 1618 relinquitur,
1881 1560 1958 1612 ut,
2004 1553 2249 1601 nonnullis
2295 1552 2358 1601 de
2406 1553 2654 1607 Demetrio

119 1655 313 1696 oratore
350 1637 641 1712 praemissis,
677 1646 740 1696 de
768 1647 966 1712 scriptis
1000 1647 1107 1713 ejus
1132 1647 1409 1712 disquiram,
1447 1654 1503 1696 ut
1536 1647 1766 1696 librorum
1794 1644 1899 1711 ejus
1930 1646 2197 1711 fragmenta
2234 1646 2397 1696 multis
2433 1654 2652 1696 veterum

118 1741 409 1807 scriptorum
457 1740 577 1789 locis
623 1740 846 1806 dispersa
892 1741 1112 1806 colligam
1160 1742 1460 1805 collectaque
1506 1739 1776 1789 secundnm
1826 1739 2056 1789 librorum
2106 1739 2312 1790 indicem
2358 1758 2386 1790 a
2435 1740 2654 1804 Diogene

120 1835 318 1913 Laertio
344 1833 589 1885 ‘traditum
625 1834 674 1885 in
710 1834 929 1885 ordinem
966 1834 1205 1901 quendam
1242 1832 1521 1899 redigam.²)

180 2003 213 2049 ¹)
244 2004 477 2046 Universani
518 2016 602 2044 rem
642 2004 682 2044 in
713 2002 812 2045 duas
850 2009 985 2056 partes
1015 2004 1072 2045 ita
1102 2003 1336 2053 diviseram,
1379 2007 1423 2045 ut
1457 2004 1630 2057 priorem
1669 2002 1841 2044 libellum
1874 2003 1925 2044 de
1955 2003 2034 2044 vita
2072 2008 2113 2044 et
2141 2004 2262 2045 rebus
2300 2005 2427 2057 gestis
2460 2007 2649 2047 Demetrii

252 2076 433 2117 Phalerei
463 2075 637 2126 ederem,
668 2076 745 2125 cui,
775 2075 978 2117 scribendi
1009 2076 1224 2118 occasione
1252 2074 1397 2126 oblata,
1428 2073 1591 2117 alteram
1625 2075 1966 2117 commentationis
1994 2078 2161 2129 partem,
2202 2086 2281 2130 qua
2313 2075 2534 2131 fragmenta
2566 2078 2652 2119 De-

252 2150 380 2189 metrii
410 2149 650 2202 scripturum
681 2149 993 2198 continerentur,
1023 2148 1268 2201 subjungere
1298 2146 1392 2189 mihi
1420 2147 1461 2189 in
1491 2147 1621 2189 animo
1653 2151 1749 2190 crat.
1809 2147 1983 2190 Priorem
2015 2152 2165 2202 partem
2196 2159 2340 2190 novem
2372 2150 2567 2204 capitibus
2598 2152 2651 2191 ita

251 2220 645 2273 comprehenderam,
678 2225 721 2260 ut
748 2220 787 2260 in
816 2220 942 2273 primo
973 2220 1101 2273 capite
1128 2220 1306 2272 inprimis
1338 2219 1387 2260 de
1419 2231 1574 2273 genere
1604 2224 1644 2261 et
1674 2231 1777 2261 anno
1805 2219 1925 2261 natali
1956 2221 2145 2262 Demetrii
2184 2233 2360 2274 agerem,
2398 2223 2438 2262 in
2468 2222 2649 2262 secundo

252 2292 303 2333 de
333 2292 419 2346 ejus
448 2291 714 2342 institutione,
752 2292 792 2332 in
823 2291 961 2342 tert10,
1007 2295 1206 2345 quatenus
1235 2303 1281 2332 se
1311 2290 1489 2332 dedisset
1527 2289 1757 2344 reipublicae
1795 2302 1978 2344 quasque
2007 2295 2139 2345 partes
2181 2296 2291 2332 esset
2320 2282 2358 2332 in
2389 2304 2436 2333 ea
2465 2297 2647 2343 secutus,

250 2365 428 2418 inprimis
458 2368 635 2416 tempore
672 2362 766 2404 belli
792 2363 984 2414 Lamiaci,
1022 2364 1062 2404 in
1093 2368 1235 2416 quarto
1275 2362 1326 2405 de
1355 2364 1489 2417 priore
1527 2364 1612 2416 ejus
1646 2362 1787 2403 exsilio
1828 2368 1869 2404 et
1909 2374 2124 2416 quousque
2162 2363 2408 2417 reipublicae
2444 2365 2649 2418 gerendae

250 2437 453 2490 particeps
483 2415 623 2475 fuiss'et
653 2439 744 2488 post
781 2435 927 2475 bellum
958 2435 1208 2484 Lamiacum,
1246 2436 1285 2474 in
1327 2436 1467 2486 quinto
1503 2434 1554 2475 de
1593 2435 1782 2476 Demetrii
1814 2435 2059 2476 Athenarum
2099 2436 2403 2487 procuratione,
2439 2438 2478 2477 in
2516 2441 2647 2487 sexto,

252 2508 347 2561 quid
379 2509 683 2549 existimandum
714 2513 823 2549 esset
853 2507 904 2549 de
934 2508 1020 2561 ejus
1049 2507 1282 2560 principatu,
1310 2507 1350 2548 in
1380 2507 1550 2561 septimo
1582 2505 1632 2548 de
1662 2506 1835 2549 moribus
1866 2506 1953 2560 eius
1985 2511 2027 2549 et
2057 2506 2137 2549 vita
2167 2507 2330 2561 privata,
2352 2507 2391 2550 in
2420 2511 2564 2551 octavo
2595 2507 2647 2551 da

250 2580 379 2621 altero
408 2582 497 2635 ejus
527 2582 671 2621 exsilio
701 2586 742 2622 et
770 2581 916 2622 Thebis
948 2580 1278 2635 commoratione,
1300 2579 1339 2621 in
1371 2592 1477 2621 nono
1507 2579 1680 2633 denique
1709 2578 1761 2621 de
1793 2579 1997 2622 Demetrio
2026 2579 2066 2621 in
2097 2580 2286 2636 Aegypto
2316 2584 2486 2623 versato.
2521 2600 2570 2607 -

175 2664 215 2715 ²)
246 2668 310 2709 Me
338 2668 497 2723 quidem
526 2670 741 2711 antevertit
769 2670 809 2710 in
838 2670 1016 2723 reliquiis
1046 2670 1284 2723 scriptorum
1316 2669 1506 2710 Demetrii
1535 2663 1702 2710 edendis
1740 2668 1811 2710 Th.
1843 2668 2009 2722 Herwig
2048 2670 2087 2710 in
2118 2670 2451 2710 commentatione
2482 2669 2533 2711 de
2562 2670 2647 2711 De-

253 2742 381 2781 metrii
411 2741 569 2794 scriptis
600 2740 780 2787 (Rinteln
813 2741 956 2791 1850),
993 2741 1066 2782 sed
1097 2754 1218 2794 quum
1256 2743 1291 2782 is
1321 2752 1400 2781 non
1425 2742 1537 2794 justo
1576 2741 1740 2782 editoris
1770 2754 1938 2782 munere
1977 2755 2023 2782 se
2051 2741 2225 2782 functum
2256 2754 2362 2791 esse,
2400 2741 2472 2782 sed
2506 2741 2645 2795 quales

250 2815 289 2853 in
332 2813 594 2868 scriptoribus
634 2813 851 2864 invenerit,
888 2814 1079 2866 reliquias
1128 2813 1391 2865 adscripsisse
1431 2814 1519 2865 ipse
1557 2811 1747 2864 fateatur,
1792 2826 1915 2866 quum
1947 2814 2164 2866 praesertim
2205 2812 2416 2855 nonnullas
2456 2814 2644 2863 omiserit,

252 2896 342 2937 quae
372 2896 453 2926 non
490 2888 603 2926 erant
631 2884 895 2940 omittendae,
933 2885 1100 2926 eandem
1137 2897 1222 2925 rem
1256 2897 1282 2925 a
1314 2897 1378 2925 me
1415 2887 1610 2938 inceptam
1641 2887 1836 2938 persequi
1865 2898 1945 2925 non
1976 2885 2169 2937 dubitavi;
2209 2899 2345 2938 quare,
2382 2884 2646 2937 disputatione

249 2957 301 2996 de
331 2958 521 2999 Demetrii
550 2958 628 2998 vita
657 2962 698 2998 et
724 2957 847 2998 rebus
877 2959 1004 3011 gestis
1034 2955 1235 3009 absoluta,
1274 2958 1315 2999 in
1354 2956 1612 3012 fragmentis,
1654 2970 1709 2999 ex
1738 2962 1916 2999 veterum
1945 2958 2184 3012 scriptorum
2222 2956 2322 2999 locis
2351 2956 2554 3008 collectis,
2586 2958 2645 3008 iis,

251 3040 355 3082 quae
381 3029 515 3072 adhuc
543 3034 638 3073 sunt
667 3030 827 3082 omissa,
857 3029 1015 3083 additis,
1046 3031 1087 3072 in
1119 3030 1439 3076 dissertationem
1469 3042 1596 3071 meam
1627 3031 1943 3086 transcribendis
1979 3035 2103 3084 atque
2132 3029 2390 3084 disponendis
2420 3042 2484 3070 me
2513 3031 2647 3070 conti-

252 3113 350 3142 nere
384 3105 425 3141 et
453 3103 591 3144 critica
631 3103 969 3159 grammaticaque
1008 3103 1139 3145 studia
1177 3104 1218 3145 in
1254 3103 1361 3146 aliud
1397 3108 1555 3156 tempus
1595 3104 1634 3145 in
1673 3104 1967 3145 commentariis
2007 3103 2164 3145 edenda
2202 3101 2363 3144 differre
2398 3103 2645 3157 propositum

251 3173 343 3214 mibi
372 3178 445 3214 est.

2079 3230 2100 3276 t
