2853 3836
1355 172 1463 230 24

135 310 168 380 ἢ
207 314 317 386 μὲν
369 307 578 387 ἀνδρία
630 315 819 384 μένειν
873 304 1087 362 κελεύοι
1126 307 1239 362 καὶ
1291 307 1391 378 τὴν
1429 307 1592 372 τάξιν
1630 302 2071 380 διαρυλάττειω
2117 303 2294 362 Ἀλλὰ
2345 305 2682 377 βάλλουσιν·

134 390 398 489 ὑπόμενε.
453 411 634 469 Ἀλλὰ
673 410 1064 490 τρωθήσομαι
1079 433 1090 443 ·
1131 417 1406 491 καρτέρει.
1462 408 1617 468 'AM'
1657 412 2082 488 ἀποθανοῦμαι
2097 431 2108 442 ·
2148 409 2420 465 ἀπόθανε
2458 408 2684 487 μᾶλλον

135 516 170 586 ἢ
210 514 375 586 λίπῃς
413 517 514 585 τὴν
566 516 742 580 τάξιν.
817 511 1050 586 Ἀτενὴς
1091 507 1253 575 οὗτος
1307 514 1340 569 ὅ
1389 514 1554 588 λόγος
1608 517 1708 570 καὶ
1753 513 2015 592 σκληρὸς,
2067 511 2189 570 ἀλλ’
2241 512 2274 568 ὃ
2322 517 2422 584 τῆς
2471 512 2685 575 δειλίας

134 621 198 689 νὴ
239 617 350 673 Δία
391 616 798 696 φιλάνθρωπος
837 618 937 672 καὶ
976 615 1262 694 μαλακὸς,
1302 615 1538 690 ὑπάγειν
1575 616 1690 694 γὰρ
1728 614 1880 687 δῆτα
1918 615 2131 672 κελεύει
2170 617 2267 672 τὸν
2315 616 2685 692 φοβούμενον.

135 718 284 778 Ἀλλ’
326 720 360 792 ἦ
400 721 577 782 ἀσπὶς
616 719 843 795 ἐνοχλεῖ
855 742 865 753 ·
905 721 1080 799 ῥῖψον.
1169 716 1347 785 Ἀλλὰ
1388 719 1488 774 καὶ
1525 717 1557 774 ὃ
1595 718 1825 794 θώραξῖ·
1864 717 2212 797 παράλυσον.
2271 719 2465 776 Παντὶ
2503 716 2686 791 δήπου

137 825 436 904 πραΰτερα
490 827 879 881 ταῦτ’ἒκεινων.
944 822 1177 901 Ὁμοίως
1227 818 1296 877 δέ
1346 822 1446 878 καὶ
1483 821 1579 878 ἐπὶ
1628 826 1735 877 τῶν
1787 819 1982 878 ἄλλων.
2036 822 2135 894 Μὴ
2173 819 2375 894 λάβῃς,
2429 825 2602 896 φησὶν
2653 822 2687 895 ἡ

136 930 467 1008 ἐγκράτεια,
506 929 647 984 ὅθεν
686 928 753 983 οὐ
790 925 898 991 δεῖ,
947 928 1035 1005 μὴ
1075 927 1285 1002 φάγῃς,
1336 927 1423 1004 μὴ
1462 928 1613 999 πίῃς,
1652 927 1875 1000 ἀνέχου,
1914 932 2203 1004 καρτέρει.
2256 927 2325 982 τὸ
2365 925 2687 982 τελευταῖον

136 1033 410 1087 ἀπόθανε
460 1030 731 1109 πρότερον
780 1029 815 1101 ἢ
854 1030 1075 1109 πράξῃς
1124 1029 1264 1108 ὅπερ
1314 1030 1381 1085 οὐ
1428 1026 1529 1084 δεῖ.
1601 1028 1678 1084 Ἠ
1710 1028 1759 1085 δ’
1809 1030 2069 1109 ἀκρασία
2084 1051 2095 1062 ·
2144 1033 2283 1085 πῖθι
2334 1031 2431 1085 ὅτε
2477 1028 2687 1101 βούλει,

138 1137 292 1208 φάγε
343 1135 394 1197 ὅ,
443 1154 500 1188 τι
550 1134 621 1189 ἄν
673 1131 893 1204 ἣδιστα
950 1134 1159 1207 φάγοις
1180 1154 1191 1165 ·
1243 1132 1278 1203 ἡ
1326 1137 1430 1188 τοῦ
1479 1135 1725 1207 γείτονος
1782 1134 2014 1212 ἀρέσκει
2067 1152 2161 1189 σοι
2214 1135 2377 1208 γυνής
2431 1141 2685 1213 πέραινε·

137 1237 447 1315 χρημάτων
500 1237 767 1316 ἀπορεῖς,·
821 1233 1099 1292 δάνεισαι.
1176 1234 1603 1311 Δανεισάμενος
1652 1232 1997 1312 ἀδυναμεῖς,·
2051 1237 2138 1314 μὴ
2187 1234 2437 1307 ἀποδῷς·
2488 1237 2553 1291 ού
2601 1256 2687 1292 πι-

139 1342 438 1396 στεύουσιν
477 1342 562 1395 ἔτι
602 1338 903 1405 δανείζεινς
948 1340 1229 1418 ἅρπασον.
1287 1336 1457 1394 Πολύ
1492 1357 1559 1413 γε
1597 1338 1910 1395 κάνταῦθα
1949 1339 2018 1394 τὸ
2057 1342 2296 1417 μεταξύ.
2391 1336 2562 1397 Ἀλλὰ
2604 1343 2688 1401 τίς

139 1445 239 1499 οὐκ
280 1438 448 1507 οἶδεν,
495 1444 585 1498 ὅτι
634 1443 668 1515 ἡ
714 1446 825 1521 μέν
876 1444 1114 1515 τοιαύτη
1164 1444 1328 1523 χάρις
1381 1440 1643 1522 ὀλέθριος·
1692 1446 1908 1519 γίνεται
1956 1450 2074 1511 τοῖς
2120 1441 2612 1523 προςδεξαμένοις,
2651 1444 2685 1515 ἡ

137 1547 186 1603 δ’
218 1550 282 1603 ἐκ
318 1554 425 1602 τῶν
465 1549 724 1602 ἐναντίων
764 1549 1061 1626 σωτήριος;

1253 1656 1485 1722 Fragm.
1520 1657 1584 1706 Χ.

1115 1738 1253 1788 Stoh.
1290 1739 1492 1804 florileg.
1535 1740 1607 1788 12.
1648 1741 1724 1788 18.

277 1831 560 1897 Δημήτριος
606 1832 894 1898 ἐρωτηθεὶς,
941 1833 991 1879 τί
1039 1834 1227 1897 φαῦλον
1271 1841 1378 1891 τοῖς
1422 1833 1742 1897 ψευδομένοις
1792 1816 2170 1899 παρακολουθεῖ,
2219 1831 2348 1883 εἶπε.
2426 1823 2511 1878 Τὸ
2548 1821 2686 1899 μηδ’

145 1923 216 1979 ἄν
254 1923 491 1997 τάληθῆ
530 1923 764 2001 λέγωσιν
804 1927 889 1981 ἔτι
928 1926 1319 1986 πιςτεύεσθαι.

1224 2034 1456 2098 Fragm.
1505 2034 1601 2085 ΧΙ.

1077 2115 1217 2180 Diog.
1264 2115 1428 2165 Laert.
1478 2115 1537 2163 V.
1583 2118 1627 2165 5.
1673 2116 1753 2165 82.

269 2208 424 2268 Ἔλεγε
465 2199 553 2276 μὴ
591 2199 797 2278 μικρὸν
849 2191 991 2253 εἶναι
1040 2204 1216 2278 μέρος
1265 2198 1372 2259 τοὶς
1410 2198 1615 2277 ὀφρῦς·
1668 2197 1775 2268 ὅλῳ
1813 2201 1927 2280 γὰρ
1966 2203 2347 2272 ἐπισκοτῆσαι
2387 2199 2686 2258 δύνασθαι

141 2299 217 2363 τῷ
260 2296 377 2364 βίῳ.

177 2407 254 2451 12.
291 2402 399 2467 περὶ
434 2402 662 2460 πίστεως,
699 2400 762 2450 de
796 2401 909 2451 fido.

176 2486 253 2535 13.
292 2485 401 2547 περὶ
437 2484 653 2549 χάριτος,
688 2484 752 2534 de
786 2484 1008 2549 μαῖαι)

178 2567 254 2617 14.
289 2566 399 2632 περὶ
434 2565 605 2631 τύχης,
640 2567 703 2617 de
739 2567 999 2631 fortuna-²)

201 2701 236 2749 ¹)
266 2706 326 2745 De
353 2702 621 2755 Theophrasti
649 2702 750 2744 libro
778 2703 864 2752 περὶ
894 2696 1054 2752 χάριτος
1083 2703 1136 2745 cf,
1167 2704 1282 2757 Diog,
1313 2704 1380 2747 1,1‚

201 2771 240 2822 ²)
271 2773 538 2829 Theophrasti
568 2774 746 2827 magistri
775 2775 1024 2825 sententiam,
1056 2775 1119 2817 cui
1137 2774 1253 2829 plane
1269 2775 1468 2818 addictum
1485 2788 1575 2819 eum
1592 2775 1718 2820 fuisse
1733 2788 1852 2832 supra
1870 2777 2032 2826 (comm.
2065 2780 2104 2822 P.
2123 2780 2148 2823 1.
2167 2793 2203 2836 p,
2225 2779 2295 2830 15)
2314 2781 2681 2834 demonstravimus,

277 2852 321 2887 ut
350 2857 430 2887 non
463 2846 592 2887 solum
624 2847 663 2886 in
695 2846 874 2887 oratione
905 2859 954 2888 ac
984 2846 1143 2889 dicendi
1173 2860 1338 2900 genere,
1369 2849 1441 2890 sed
1474 2851 1514 2891 in
1538 2849 1670 2891 multis
1701 2849 1787 2891 aliis
1818 2862 1981 2904 quoque
2009 2853 2128 2895 rebus
2157 2854 2418 2908 Theophrasti
2449 2855 2682 2908 discipulum

275 2918 407 2972 possis
446 2930 676 2971 agnoscere
713 2917 817 2964 (Cic.
847 2918 897 2960 de
926 2919 1006 2974 leg.
1035 2919 1101 2962 111.
1135 2919 1240 2972 36.),
1286 2921 1383 2965 mira
1417 2934 1493 2964 sua
1531 2923 1638 2964 vitae
1677 2923 1950 2965 vicissitudine
1988 2930 2138 2978 motus,
2181 2931 2345 2968 secutus
2382 2939 2473 2968 esse
2511 2929 2681 2969 videtur.

279 2990 579 3044 Theophrastus
608 2995 764 3041 autem,
804 2991 918 3045 cujus
946 2991 1048 3033 liber
1084 2992 1136 3033 de
1166 2993 1247 3033 vita
1278 2994 1395 3035 beata
1427 2995 1588 3049 saepius
1617 2995 1764 3035 citatur
1793 3007 1815 3035 a
1846 2996 2039 3038 Cicerone
2075 2998 2145 3045 (de
2174 2998 2239 3040 fin.
2274 2998 2316 3036 V.
2346 2998 2385 3038 4.
2420 2999 2482 3039 10.
2520 3001 2583 3040 11.
2618 3002 2681 3040 12.

276 3062 343 3104 28.
376 3061 444 3103 85.
478 3063 586 3103 Orat.
620 3063 723 3113 19.),
764 3074 854 3104 cum
895 3062 1051 3106 fortuna
1087 3065 1278 3117 adversa,
1322 3078 1412 3108 cum
1455 3066 1597 3109 dolore
1626 3068 1888 3122 cruciatuque
1926 3071 2107 3124 corporis
2146 3071 2335 3124 conjungi
2379 3073 2533 3114 beatam
2564 3075 2681 3113 vitam

278 3134 388 3175 nullo
419 3134 541 3175 modo
579 3146 700 3188 posse
739 3134 968 3185 contendit,
998 3132 1189 3191 'idemque
1225 3144 1400 3180 vexatur
1437 3144 1478 3179 et
1517 3137 1628 3181 libris
1658 3144 1700 3180 et
1734 3141 1881 3184 scholis
1911 3143 2084 3183 omnium
2115 3142 2463 3198 philosophorum,
2504 3145 2612 3198 quod
2644 3147 2679 3185 in

276 3205 520 3248 Callisthene
548 3217 624 3248 suo
655 3205 825 3250 laudarit
855 3206 961 3250 illam
991 3209 1244 3251 sententiam:
1277 3211 1397 3252 vitam
1427 3210 1534 3264 regit
1563 3209 1733 3264 forti'ma,
1760 3224 1836 3255 non
1868 3215 2060 3269 sapientia
2086 3215 2189 3262 (Cic.
2206 3216 2244 3258 in
2261 3217 2377 3258 Tusc.
2397 3218 2539 3270 disput.
2557 3217 2601 3258 V.
2619 3218 2681 3263 9.)
