2853 3836
1315 171 1365 230 ὅ

89 318 226 378 gent
262 308 538 360 Demetrius
561 304 842 359 'Phalereus
876 315 1021 375 atque
1055 308 1180 358 adeo
1216 313 1405 356 tantum
1443 307 1694 372 temporis,
1739 314 1978 374 quantum
2015 307 2221 358 Athenis
2256 309 2505 376 sapienter
2538 328 2627 378 gu-

95 394 354 443 bernandis
383 393 675 458 praefuerat.
721 391 876 440 Novit
900 391 1182 457 Scaligerus
1209 405 1298 454 per
1326 405 1469 437 omne
1493 400 1685 452 tempus
1712 391 1830 440 illud
1864 391 2145 440 Ptolemaeo
2174 393 2299 456 patri
2328 393 2629 443 Demetrium

93 475 245 526 fuisse
288 474 589 526 carissimum
633 479 684 522 et
717 488 864 538 saepe
899 471 1224 523 consiliarium
1262 469 1593 532 utilissimum,
1640 472 1723 520 sed
1765 472 1896 522 unde
1932 482 2156 532 noverat,
2205 473 2361 523 virum
2399 476 2627 526 eruditis-

93 558 266 609 simum
310 564 458 621 atque
501 554 842 620 elegantissimi
889 554 1067 621 ingenii
1105 552 1277 619 juveni
1323 551 1588 601 litterarum
1637 555 1994 605 studiosissimo
2033 555 2315 604 Ptolemaeo
2351 574 2547 622 semper
2581 558 2630 607 in

93 639 303 691 maximo
353 655 440 704 per
486 654 628 688 omne
672 646 865 704 tempus
909 636 1029 687 illud
1077 634 1190 685 odio
1237 633 1430 683 fuisse?
1501 634 1772 700 Displicere
1818 636 1929 685 huic
1977 637 2148 687 debuit
2199 638 2451 689 consilium
2503 640 2631 707 patri

94 723 286 783 datum,
331 721 417 772 sed
464 721 556 772 hoc
600 722 753 771 multo
798 720 949 787 magis
997 717 1246 786 probabile
1293 716 1424 767 fideli
1471 725 1632 767 tutum
1681 717 1831 767 fuisse
1866 719 2079 782 silentio,
2126 722 2241 772 du'm
2281 723 2507 772 alicunde
2544 741 2631 790 per

93 806 301 855 aulicum
338 806 731 859 calumniatorem
768 804 894 864 (sive
936 818 1106 850 verum
1142 809 1272 850 esset
1306 818 1393 850 seu
1429 800 1619 865 fictum)
1657 802 1955 850 emanaverit
1997 804 2056 850 ad
2097 804 2452 867 Ptolemaeum,
2499 807 2629 872 quod

96 905 188 937 non
225 897 338 937 ante
375 888 555 936 factum
595 886 845 951 suspicor,
897 900 1040 950 quam
1084 892 1305 932 mortuus
1343 892 1474 932 esset
1508 884 1693 932 amicus
1733 884 1980 932 Demetrii.
2052 884 2106 932 Si
2144 885 2345 935 dederat
2379 888 2427 936 id
2466 888 2629 939 consi-

97 972 209 1020 lium
249 969 550 1029 Demetrius,
587 978 734 1034 atque
769 967 888 1017 illud
927 983 1042 1017 mox
1079 974 1388 1015 emanaverat
1423 965 1487 1015 ad>
1524 967 1880 1026 Ptolemaeum,
1915 967 1993 1014 hic
2030 978 2289 1032 propterea
2330 969 2626 1020 Demetrium

95 1054 207 1101 odio
243 1041 437 1117 semper
473 1041 762 1116 prosecutus
798 1050 980 1110 suerat,
1016 1065 1105 1097 cur
1138 1065 1259 1109 non,
1295 1048 1448 1097 amico
1484 1065 1598 1113 rege
1633 1049 1889 1107 moriente,
1928 1050 2037 1112 suga
2074 1049 2164 1098 sibi
2202 1051 2465 1111 consuluit,
2503 1053 2628 1103 sicut

95 1143 207 1184 ante
251 1133 435 1183 fecerat
488 1141 599 1198 post
645 1132 783 1181 amici
828 1130 902 1181 sui
951 1130 1212 1181 Cassandri
1263 1139 1465 1180 mortem
1517 1139 1739 1180 metuens
1788 1130 2125 1194 Antigonum?
2194 1131 2293 1180 Sed
2345 1149 2407 1180 ex
2454 1134 2630 1198 quibus

97 1217 273 1267 deinde
316 1216 474 1266 verbis
522 1215 782 1281 Hermippi
828 1214 1075 1279 Scaligero
1111 1213 1352 1273 constitit,
1401 1212 1703 1262 Demetrium
1750 1212 1911 1262 statim
1960 1213 2096 1261 initio
2141 1213 2275 1277 regni
2324 1214 2629 1279 Philadelphi

98 1299 316 1365 periisse.
395 1297 517 1348 Nam
564 1297 692 1363 quod
724 1296 880 1347 vnobis
926 1303 1090 1346 narrat
1132 1296 1234 1345 Jac.
1286 1294 1504 1344 Perizon.
1552 1294 1600 1343 in
1652 1295 1841 1344 Aeliani
1883 1294 1936 1343 V.
1973 1294 2040 1343 H.
2088 1295 2175 1354 lll,
2214 1297 2289 1345 17.
2325 1296 2533 1346 invisum
2569 1300 2628 1347 ab

97 1381 232 1432 initio
267 1382 401 1447 regni
442 1380 759 1445 Philadelpho
794 1379 1003 1444 ideoque
1039 1379 1303 1443 relegatum
1341 1379 1400 1426 ab
1437 1395 1494 1426 eo
1538 1395 1594 1426 ac
1632 1377 1691 1426 ad
1730 1386 1932 1426 mortem
1969 1378 2153 1443 aspidis
2190 1396 2351 1428 morsu
2388 1381 2628 1441 adactum,

97 1467 385 1514 adversatur
420 1463 695 1528 Hermippo
725 1471 775 1512 et
809 1462 1047 1521 Ciceroni,
1082 1478 1284 1525 quorum
1322 1461 1384 1508 de
1421 1469 1577 1509 morte
1610 1461 1842 1509 Demetrii
1879 1463 2024 1508 verba
2056 1462 2335 1526 Scaligerus
2364 1463 2463 1529 jam
2494 1482 2627 1513 com-

98 1549 301 1613 paravit.
372 1546 669 1610 Simpliciter
684 1544 992 1609 Hermippus
1010 1542 1134 1605 μετὰ
1169 1542 1262 1605 τὴν
1296 1543 1477 1588 ἐκείνου
1512 1543 1579 1590 ait
1613 1541 1855 1606 τελευτήν,
1891 1543 2176 1606 quantillum
2210 1544 2400 1603 suisset,
2434 1545 2473 1593 si
2508 1546 2628 1596 illud

97 1632 303 1679 alterum
331 1637 463 1677 esset
490 1627 764 1686 dicendum,
801 1627 1021 1674 voculam
1061 1625 1247 1682 εὐθέως
1281 1626 1356 1672 vel
1393 1624 1533 1672 aliam
1563 1624 1815 1690 adjecisse.
1872 1624 2019 1672 Salva
2049 1624 2306 1689 Hermippi
2337 1625 2434 1675 fide
2469 1628 2631 1692 potuit

98 1728 254 1761 annus
304 1726 430 1759 unus
479 1718 529 1758 et
575 1711 697 1758 alter
743 1707 1068 1767 intercedere,
1120 1716 1376 1772 antequam
1423 1707 1470 1755 in
1515 1706 1679 1756 odium
1725 1707 1997 1755 incurreret
2034 1705 2387 1772 Philadelphi.“
2469 1710 2629 1775 Quam

102 1794 404 1845 Valckenarii
442 1791 907 1860 argumentationem
944 1806 973 1841 a
1006 1790 1109 1841 veri
1142 1790 1308 1858 specie
1352 1805 1445 1840 non
1490 1789 1751 1841 abhorrere
1800 1798 1957 1856 patet,
2004 1806 2161 1856 neque
2195 1790 2457 1857 quidquam
2492 1810 2521 1843 a
2556 1811 2632 1844 me

99 1878 211 1928 addi
248 1894 372 1945 opus
409 1888 498 1928 est.
535 1905 595 1914 ———
894 1924 897 1925 γ

237 1963 481 2022 Alterum,
529 1960 658 2027 quod
707 1957 932 2027 objicitur
977 1961 1271 2023 sententiae,
1316 1976 1411 2027 qua
1458 1960 1738 2012 Demetrius
1787 1961 2105 2012 bibliothecae
2156 1963 2432 2028 praefectus
2480 1965 2631 2016 fuisse

100 2045 410 2093 contenditur
456 2044 719 2092 Ptolemaei
768 2045 1085 2110 Phaladelphi
1123 2054 1363 2109 tempore,
1409 2055 1621 2094 sumtum
1658 2052 1734 2093 est
1770 2047 1830 2093 ab
1866 2045 2154 2108 indignitate
2200 2047 2412 2095 muneris
2457 2048 2630 2098 biblio-

100 2127 314 2176 thecarii.
371 2126 480 2176 Non
511 2144 622 2176 esse
655 2127 927 2188 verisimile,
966 2127 1264 2176 Demetrium
1296 2127 1599 2187 Phalereum‚
1637 2127 1904 2193 principem
1941 2136 1992 2175 et
2019 2127 2382 2191 legumlatorem
2418 2131 2632 2181 omnium

102 2211 178 2260 sui
215 2210 448 2277 temporis
486 2210 908 2277 sapientissimum,
950 2210 1098 2260 fuisse
1138 2210 1455 2260 bibliothecae
1494 2211 1808 2276 praesectum.
1858 2210 2124 2260 VVowerus
2151 2210 2196 2259 in
2223 2219 2536 2277 syntagmate
2571 2215 2634 2265 de

101 2311 273 2360 graeca
310 2301 359 2343 et
396 2295 540 2343 latina
577 2292 829 2343 bibliorum
867 2294 1267 2359 interpretatione
1302 2311 1341 2343 c.
1379 2294 1466 2343 ΙΙΙ.
1501 2293 1567 2343 ita
1603 2293 1748 2343 dicit:
1794 2292 2081 2358 „Quomodo
2122 2309 2302 2357 quaeso
2338 2295 2417 2344 illa
2450 2296 2631 2346 Deme-

103 2377 194 2426 trio
239 2376 530 2426 conveniant
575 2376 895 2441 peripatetico
954 2376 1267 2442 philosopho,
1311 2376 1510 2426 summis
1555 2376 1818 2426 honoribus
1864 2376 2028 2424 functo
2070 2383 2121 2423 et
2166 2375 2374 2425 maxima
2410 2381 2632 2444 potentia

102 2460 324 2509 celebri.“
404 2459 536 2508 ldem
583 2466 724 2524 urget
766 2458 1077 2508 Humfredus
1113 2458 1310 2509 Hodius
1346 2459 1481 2523 (vide
1514 2459 1645 2524 apud
1696 2458 1917 2507 Valcken.
1956 2457 2003 2505 in
2043 2456 2257 2507 Aristob.
2292 2459 2407 2508 sud.
2448 2478 2493 2526 p.
2530 2464 2631 2526 55),

101 2542 177 2590 cui
214 2541 503 2591 adversatur
539 2542 736 2591 lsaacus
777 2540 981 2591 Vossius
1017 2541 1080 2590 de
1107 2540 1248 2590 Lxx
1283 2541 1684 2606 interpretatione
1707 2558 1744 2590 c.
1769 2542 1813 2589 4.
1839 2557 1884 2605 p.
1915 2540 1990 2600 10,
2029 2540 2111 2589 ubi
2147 2540 2279 2602 dicit,
2329 2542 2630 2596 Demetrium

106 2625 392 2674 Phalereum
436 2623 756 2673 bibliothecae
804 2623 1101 2687 praefectum
1150 2624 1301 2672 fuisse
1335 2623 1494 2672 minus
1530 2623 1795 2671 mirandum
1832 2639 1966 2682 esse,
2014 2639 2156 2687 quam
2193 2624 2320 2688 quod
2360 2626 2633 2691 Dionysius

104 2716 363 2771 tyrannus,
410 2721 559 2770 regno
607 2705 850 2771 privatus,
897 2706 1084 2754 litteras
1130 2720 1306 2771 pueros
1353 2705 1574 2754 docuerit
1611 2732 1668 2740 —-
1706 2704 1766 2753 ad
1815 2720 1941 2770 quae
1988 2704 2054 2754 ita
2097 2706 2363 2772 respondet
2398 2707 2631 2760 Hodiusz

107 2788 395 2853 Dionysium
434 2796 695 2851 tyrannum
732 2804 904 2852 magno
942 2787 1092 2837 fuisse
1126 2788 1174 2837 in
1209 2787 1321 2836 odio
1356 2787 1486 2852 apud
1525 2802 1713 2845 omneS‚
1761 2794 1812 2836 et
1858 2795 2064 2837 exutum
2107 2803 2256 2854 regno
2302 2805 2504 2841 necesse
2546 2793 2632 2842 ha-

104 2872 270 2922 buisse
314 2869 547 2921 docendis
593 2869 759 2936 pueris
806 2870 985 2920 victum
1023 2869 1319 2935 quaeritare,
1364 2886 1512 2934 quum
1551 2886 1579 2918 e
1614 2871 1857 2920 contrario
1904 2880 2113 2932 constet,
2163 2871 2463 2923 Demetrium
2503 2875 2632 2926 Pha-

104 2957 589 3023 lereum,-postquam
621 2970 649 3003 a
676 2952 951 3020 principatu
987 2969 1077 3004 suo
1104 2954 1348 3020 relegatus
1383 2962 1527 3015 esset,
1562 2952 1611 3003 in
1637 2955 1868 3021 Aegypto
1904 2955 2079 3022 opibus
2107 2954 2386 3023 honoreque
2423 2959 2634 3013 maximo

104 3039 344 3090 floruisse.
415 3038 674 3106 copiosius
718 3045 878 3087 autem
915 3037 980 3087 ls.
1020 3037 1223 3087 Vossius
1268 3036 1451 3087 refutat
1493 3035 1714 3088 Hodium
1752 3038 1802 3087 in
1846 3037 2055 3105 append.
2092 3041 2285 3090 observ.
2320 3040 2382 3090 ad
2419 3042 2635 3110 Pompo-

236 3169 396 3225 πρώτου
426 3172 695 3224 Πτολεμαίου,
734 3168 778 3213 ὃν
804 3167 981 3225 Σωτῆρα
1017 3168 1223 3211 ἐπεκάλουν
1260 3166 1329 3210 δύο
1362 3169 1507 3224 πληροῖ
1539 3170 1867 3230 (Philadelphus)
1907 3168 1960 3212 τοὶ
1986 3172 2179 3225 βασιλεως
2206 3170 2284 3224 ἔτη.
2353 3177 2414 3219 De
2442 3182 2633 3233 tempore,

241 3259 321 3302 quo
351 3252 464 3302 pater
488 3253 530 3290 et
558 3248 662 3290 tilius
692 3247 807 3290 simul
836 3259 1008 3302 regnare
1036 3248 1268 3301 coeperint,
1299 3245 1348 3287 cf.
1367 3248 1485 3290 Sturz
1517 3248 1568 3290 de
1598 3248 1769 3291 dialecto
1788 3248 2042 3291 Macedonica
2073 3252 2111 3289 et
2131 3247 2403 3292 Alexandrina
2434 3250 2632 3295 §.1.n.2.
