2853 3836
1364 111 1467 171 14

124 245 298 298 eodem
335 246 439 298 loco
471 246 656 299 retulit.
726 244 806 297 Ad
842 244 974 296 huuc
1010 242 1301 309 Serapidem
1336 243 1499 307 deum,
1533 243 1612 295 cui
1651 243 1967 298 Ptolemaeus
2003 244 2124 313 Lagi
2157 247 2683 314 magnificentissimum

122 329 362 395 tenplum
399 329 661 389 exstruxit,
697 328 797 395 qui,
831 334 888 378 ut
922 326 1014 377 lris
1049 328 1276 380 omnibus
1312 326 1456 379 animi
1495 325 1687 387 morbis,
1723 325 1796 392 ita
1827 328 2050 392 corporis
2078 328 2465 399 aegritudinibus
2499 333 2681 389 mederi

124 428 277 479 posse
298 415 579 479 putabatur,
615 429 673 463 se
698 409 942 463 convertit
966 411 1319 477 oculorumque
1352 411 1522 461 morbo
1550 409 1783 461 liberatus
1814 426 1925 462 esse
1960 410 2163 465 dicitur„
2206 410 2489 466 Demetrius
2517 425 2680 469 autem

125 494 419 556 Phalereus,
464 512 495 546 a
536 494 780 560 Serapide
825 492 921 545 deo
955 500 1184 555 sanatus,
1230 493 1278 544 iu
1326 492 1486 559 ipsum
1532 509 1768 560 paeanas,
1814 500 1986 559 postea
2032 494 2178 546 etiam
2213 494 2459 548 decantari
2496 497 2714 561 solitos‚'

124 578 301 628 secisse
333 578 508 628 fertur.
2362 588 2364 590 ’

260 661 377 727 Quo
414 670 633 727 tempore
671 660 956 711 Demetrius
1000 660 1095 710 hoc
1141 661 1391 710 oculorum
1439 658 1609 709 morbo
1652 657 1971 720 laboraverit,
2017 666 2180 711 utrum
2228 659 2510 714 Ptolemaeo
2556 662 2679 731 Lagi

123 752 360 808 regnante
401 759 463 791 au
515 742 799 793 Ptolemaeo
846 741 1192 807 Philadelpho,
1244 741 1490 806 Diogenes
1543 740 1773 792 Laertius
1828 756 1923 792 uon
1976 743 2381 794 commemoravit.
2463 748 2680 799 Alteram

123 834 287 875 autem
325 813 692 885 calamitatem,
721 825 770 873 iu
805 840 949 888 quam
987 823 1292 873 Demetrium
1343 824 1634 873 Phalereum
1681 822 1911 874 incidisse
1958 822 2087 873 idem
2133 823 2379 890 Diogenes
2413 836 2591 888 narrat,
2626 838 2680 879 nt
2751 809 2763 818 ,

121 908 280 974 gratia
315 907 558 957 exciderit
593 906 723 972 apud
758 922 946 971 regem,
996 913 1054 956 ut
1088 905 1136 956 in
1173 904 1442 957 custodiam
1480 905 1662 957 ductus
1695 905 1860 972 ibique
1895 912 2118 958 mortuus
2151 906 2239 970 sit,
2283 907 2566 976 Ptolemaeo
2601 926 2677 961 re-

122 999 305 1058 gnaute
336 1006 446 1039 eum
482 989 733 1056 accepisse
769 995 978 1039 constat.
1054 988 1299 1055 Diogenes
1321 988 1601 1054 Laertius1)
1622 988 1898 1054 Hermippo
1932 996 2133 1039 auctore
2161 989 2337 1055 prodit,
2376 991 2676 1042 Demetrium

121 1073 431 1122 consuluisse
466 1073 569 1137 regi
604 1072 915 1136 (Ptolemaeo
952 1072 1115 1137 Lagi),
1154 1081 1209 1120 ut
1243 1072 1368 1132 filiis,
1405 1087 1527 1136 quos
1563 1087 1627 1119 ex
1676 1071 1930 1135 Eurydice
1974 1072 2294 1136 suscepisset,
2339 1091 2540 1138 regnum
2578 1085 2676 1125 tra-

122 1155 294 1216 deret3
346 1172 495 1221 quum
534 1171 650 1204 vero
686 1154 770 1204 ille
806 1170 903 1204 nou
940 1155 1357 1218 obtemperasset,
1405 1153 1492 1202 sed
1533 1150 1664 1218 ejus,
1713 1169 1859 1218 quem
1894 1169 1957 1203 ex
1994 1152 2236 1204 Berenice
2269 1156 2544 1222 genuisset,
2591 1157 2676 1207 filii

120 1237 477 1302 (Philadelphi)
523 1237 672 1303 capiti
718 1236 941 1285 diadema
986 1235 1327 1300 imposuisset,
1372 1235 1434 1283 ab
1481 1234 1576 1284 hoc
1619 1234 1726 1299 ipso
1776 1244 1886 1300 post
1930 1236 2083 1301 patris
2129 1243 2333 1287 mortem
2372 1237 2674 1302 Demetrium

119 1321 274 1371 fuisse
308 1330 616 1370 asservatum
652 1320 700 1368 in
731 1317 995 1384 provincia,
1031 1317 1192 1383 quoad
1227 1316 1411 1382 aliquid
1440 1316 1503 1366 de
1528 1316 1610 1367 illo
1633 1317 1913 1378 statuisset3
1948 1317 2027 1367 hic
2051 1318 2186 1369 illum
2213 1319 2447 1371 maestius
2475 1321 2674 1382 vixisse,

119 1402 171 1453 et
205 1403 358 1452 veluti
395 1403 739 1453 dormitantem
776 1403 838 1450 ab
875 1401 1051 1466 aspide
1086 1416 1280 1449 manum
1317 1416 1529 1449 morsum
1565 1416 1629 1449 ex
1665 1399 1766 1449 vita
1802 1400 2056 1465 migrasse,
2100 1402 2445 1468 sepultumque
2479 1421 2590 1454 esse
2625 1405 2672 1453 iu

120 1486 345 1537 Busirite
381 1487 637 1552 regione2)
686 1502 840 1552 prope
878 1484 1152 1549 Diospolin.
1230 1483 1502 1533 Heraclide
1545 1491 1745 1532 auctore
1782 1482 2026 1549 Diogenes
2070 1483 2290 1545 ascribit,
2342 1486 2673 1538 Ptolemaeum

119 1571 449 1637 Philadelpho
482 1570 583 1620 filio
618 1569 889 1619 concedere
927 1568 1142 1617 voluisse
1184 1584 1414 1633 regnum,
1463 1567 1765 1617 Demetrium
1812 1576 1975 1617 autem
2022 1566 2071 1617 id
2117 1567 2674 1635 prohiberestuduisse

178 1739 213 1792 ¹]
245 1741 292 1783 V,
323 1742 362 1783 5.
393 1740 460 1782 78.
520 1734 792 1789 συμβουλεύειν
829 1739 887 1784 τῷ
919 1735 1154 1787 Πτολεμαίῳ
1185 1734 1285 1787 πρὸς
1323 1741 1403 1782 τοῖς
1441 1731 1570 1782 α’λλοις
1599 1738 1663 1775 καὶ
1692 1732 1763 1786 τὴν
1799 1734 1995 1787 βασιλείαν
2031 1741 2111 1782 τοῖς
2139 1733 2178 1783 ἐξ
2214 1734 2427 1788 Εὐρυδίκης
2462 1741 2671 1790 περιθεῖναι

251 1811 379 1850 παισί·
414 1811 484 1849 τοῦ
515 1810 558 1848 δὲ
596 1807 642 1848 οὐ
674 1809 917 1856 πεισθέντος,
956 1806 1056 1848 ἀλλὰ
1083 1806 1332 1859 παραδόντος
1369 1806 1416 1848 τὸ
1455 1805 1627 1858 διάδημα
1664 1807 1721 1855 τῷ
1761 1811 1800 1846 ἐκ
1829 1808 2046 1859 Βερενίκης,
2082 1805 2181 1858 μετὰ
2217 1806 2288 1859 τὴν
2323 1810 2459 1848 ἐκείνου
2497 1809 2673 1861 τελευτὴν

251 1881 472 1931 ἀξιωθῆναι
502 1878 601 1932 πρὸς
638 1877 780 1919 τούτου
819 1877 1206 1932 παραφυλάττεσθαι
1235 1882 1273 1918 ἐν
1311 1878 1360 1931 τῇ
1399 1877 1524 1931 χώρᾳ,
1561 1880 1670 1931 μέχρι
1710 1893 1746 1918 τι
1776 1876 1876 1926 δόξει
1905 1882 1990 1930 περὶ
2027 1878 2160 1919 αὐτοῦ.
2201 1878 2396 1919 Ἐνταῦθα
2425 1879 2673 1934 ἀθυμότερον

251 1953 377 2006 διῆγε·
407 1952 475 1990 καί
497 1965 584 1997 πως
612 1948 825 1990 ὑπνώττων
849 1949 917 1989 ὑπ’
945 1948 1110 1996 ἀσπίδος
1138 1948 1210 2001 τὴν
1228 1957 1333 2003 χεῖρα
1363 1951 1524 2003 δηχθεὶς
1552 1952 1621 1990 τὸν
1647 1950 1732 2003 βίον
1759 1952 1970 2001 μετέθηκε·
1999 1954 2062 1989 καὶ
2084 1948 2281 1990 θάπτεται
2311 1954 2348 1990 ἐν
2378 1955 2436 2000 τῷ
2457 1953 2670 2005 Βουσιρίτῃ

251 2026 355 2076 νομῷ
387 2024 549 2074 πλησίον
579 2020 831 2068 Διοςπόλεως·
859 2025 924 2060 καὶ
955 2020 1228 2074 ἐπεγράψαμεν
1255 2022 1360 2072 ἡμεῖς
1375 2037 1384 2046 ·

853 2093 1017 2135 Ἀνεῖλεν
1045 2094 1161 2141 ἀσπὶς
1190 2094 1259 2135 τὸν
1287 2094 1412 2148 σοφὸν
1440 2093 1678 2148 Δημήτριον,

919 2177 988 2219 Ἰὸν
1015 2177 1157 2233 ἔχουσα
1185 2176 1319 2228 πολύν,

851 2262 1084 2317 Ἀσμηκτον,
1115 2263 1160 2304 οὐ
1190 2263 1403 2317 στίλβουσα
1432 2264 1518 2319 φῶς
1548 2263 1615 2304 ἀπ’
1645 2262 1843 2318 ὀμμάτων,

918 2346 1023 2388 Ἀλλ’
1052 2346 1164 2399 α’ΐδην
1191 2348 1347 2399 μέλανα.

244 2437 495 2492 Ἡρακλείδης
524 2434 598 2475 δ’ἐν
636 2433 685 2486 τῇ
716 2434 875 2486 ἐπιτομῇ
916 2430 997 2472 τῶν
1034 2431 1245 2478 Σωτίωνος
1272 2431 1466 2485 διαδοχῶν
1501 2433 1557 2482 τῷ
1594 2432 1832 2486 Φιλαδέλφῳ
1863 2432 1933 2486 τὴν
1967 2434 2164 2486 βασιλείαν
2198 2435 2322 2475 θέλειν
2357 2438 2571 2489 ἐκχωρῆσαι
2602 2438 2668 2479 τὸν

248 2511 507 2563 Πτολεμαῖον·
537 2505 606 2548 τὸν
636 2505 672 2546 δ’
704 2504 930 2559 ἀποτρέπειν
958 2503 1184 2559 φάσκοντα,
1223 2501 1300 2554 »ἂν
1327 2501 1433 2554 ἄλλῳ
1464 2504 1556 2554 δῷς,
1586 2504 1634 2545 σύ
1665 2504 1734 2559 οὐχ
1765 2504 1904 2554 ε’ξειςῡθ.

168 2602 209 2657 ²)
238 2606 307 2647 His
340 2606 613 2644 consentanea
654 2598 773 2639 habet
802 2598 966 2639 Suidas:
1017 2592 1144 2647 ἐτάφη
1187 2597 1224 2633 ἐν
1259 2609 1317 2642 τῳ
1357 2595 1573 2647 Βουσιρίτῃ
1612 2594 1731 2645 νομῷ,
1769 2595 1929 2646 πλησίον
1965 2594 2221 2644 Διοςπόλεως,
2259 2598 2328 2648 τῆς
2365 2601 2403 2637 ἐν
2440 2606 2520 2646 τοῖς
2558 2599 2666 2642 ἕλεσι,

248 2678 309 2720 Ex
340 2677 401 2717 his
430 2674 566 2715 verbis
596 2668 668 2719 τῆς
697 2670 734 2707 ἐν
763 2674 842 2712 ’τοῖς
869 2664 963 2706 ἕλεσι
994 2676 1116 2726 patet,
1152 2670 1368 2724 Diospolim
1387 2670 1505 2721 illam,
1537 2672 1574 2711 in
1594 2683 1672 2724 qua
1696 2671 1879 2724 sepultus
1907 2672 1957 2712 sit
1991 2673 2224 2724 Demetrius,
2257 2686 2334 2715 non
2360 2687 2452 2717 esse
2481 2690 2665 2729 magnam

249 2748 480 2802 Diospolim,
511 2747 551 2787 id
583 2749 659 2795 est,
691 2744 852 2784 Thebas
883 2745 1126 2797 Aegyptias,
1160 2756 1265 2797 quae
1294 2757 1316 2784 a
1349 2744 1444 2784 mari
1476 2744 1618 2796 procul
1649 2745 1805 2794 aberat3
1846 2744 1918 2785 sed
1949 2744 2111 2786 alteram
2143 2747 2360 2799 Diospolim
2391 2760 2519 2801 prope
2548 2749 2666 2789 Men-

249 2821 382 2863 detem
423 2824 463 2860 et
502 2816 783 2871 Leontopolim
825 2820 866 2856 et
906 2815 1092 2868 Busirim,
1133 2829 1250 2870 quam
1292 2821 1451 2869 praeter
1489 2817 1568 2858 Nili
1610 2816 1768 2865 alveos,
1811 2817 2017 2858 Busiritein
2058 2823 2098 2858 et
2137 2819 2376 2860 Athribitem
2418 2821 2515 2859 varii
2553 2820 2668 2869 lacus

245 2894 475 2949 cingebant,
507 2895 551 2932 ut
580 2890 700 2932 docet
730 2890 877 2932 Strabo
908 2888 1029 2938 XVH,
1058 2889 1161 2930 802:
1206 2887 1368 2938 πλησίον
1402 2887 1445 2926 δὲ
1476 2886 1681 2938 Μένδητος
1713 2889 1778 2926 καὶ
1807 2884 1903 2933 Διὸς
1937 2884 2047 2934 πόλις
2082 2891 2147 2927 καὶ
2175 2891 2261 2940 περὶ
2297 2886 2420 2939 αὐτὴν
2447 2875 2571 2942 λίμναι
2599 2897 2663 2931 καὶ

243 2960 531 3007 Ammine·
561 2957 627 3000 εἶτ’
656 2958 850 3011 ἀπωτέρω
881 2956 905 3009 ἡ
936 2954 1122 3010 Βούσιρις
1157 2957 1267 3007 πόλις
1296 2963 1334 2998 ἐν
1362 2960 1412 3012 τῇ
1443 2960 1659 3013 Βουσιρίτῃ
1698 2959 1814 3011 νομῷ.
1873 2963 1924 3004 cf.
1956 2963 2051 3005 Plin.
2086 2963 2130 3002 V.
2153 2963 2218 3004 10.
2244 2968 2284 3004 et
2314 2964 2539 3018 Stephanus
2569 2981 2600 3008 s.
2626 2982 2660 3007 v.

245 3033 440 3088 Βούσιρις.
500 3036 563 3079 Ab
603 3036 703 3077 urbe
740 3035 915 3077 Busirite
946 3034 1064 3075 etium
1105 3033 1196 3075 huic
1234 3036 1514 3089 praefecturae
1549 3047 1693 3077 nomen
1730 3041 1828 3077 erat.
1899 3037 2114 3090 Aegyptus
2152 3036 2192 3076 in
2232 3036 2505 3089 praefecturas
2535 3040 2660 3081 divisa

246 3111 342 3161 fuit,
383 3123 482 3163 quas
522 3108 713 3163 Aegyptii
754 3101 894 3155 νομούς
932 3105 1198 3161 appellabant.
1272 3108 1322 3150 cf.
1362 3108 1605 3163 Epiphanius
1644 3108 1709 3150 lib.
1751 3108 1780 3150 1.
1821 3109 1858 3150 in
1898 3109 2066 3150 Haeresi
2107 3108 2287 3151 Basilidis
2301 3125 2320 3171 :—
2354 3106 2470 3160 νομὸν
2511 3106 2584 3167 γὰρ
2626 3112 2661 3150 οἱ

242 3177 455 3233 Αἰγύπτιοί
481 3192 579 3230 φασι
607 3179 678 3229 τῆς
707 3173 871 3227 ἑκάστης
898 3173 1049 3223 πόλεως
1078 3176 1287 3229 περιοικίδα
1316 3175 1401 3229 ἦτοι
1430 3177 1657 3230 περίχωραν.
