2853 3836
1376 154 1484 211 ³4

155 284 346 349 ταύτης
390 286 461 343 εἰς
517 283 613 349 τὴν
658 283 892 348 ἐσχάτην,
943 281 1005 348 ἢν
1048 283 1350 349 ἐποιήσαντο
1402 284 1847 351 Ναβουχοδονόσορ
1894 288 1943 345 ἐξ
1996 285 2345 354 Ἰεροσολύμων,
2396 290 2481 356 ἔτη
2534 291 2706 340 ἑκατὸν

155 367 341 414 εἴκοσιν
390 366 517 414 ὀκτὼ
564 372 729 431 μῆνας
781 367 844 423 ἕξ.

255 459 346 523 [11.
375 475 460 523 περὶ
482 472 561 513 τῶν
588 474 676 511 κατ’
704 460 989 523 Δι”γυπτοιῙΠ

425 623 509 681 11.
588 623 896 700 Opera,
938 642 1110 698 quoe
1151 623 1247 680 ad
1287 625 1907 702 rempublicam
1947 627 2423 702 pertinent.

287 770 329 814 1.
368 765 478 830 περὶ
510 765 832 831 δημαγωγίας
868 765 975 815 libri
1007 765 1121 826 duo,
1153 764 1217 816 de
1245 765 1436 816 ratione
1471 768 1704 834 populum
1742 767 1941 835 regendi
1974 775 2026 818 et
2060 766 2360 832 moderandi.

283 849 330 900 2.
367 848 480 915 περὶ
513 849 775 915 πολιτικῆς
807 848 915 922 libri
951 847 1065 907 duo,
1100 848 1164 898 de
1197 848 1516 915 republica.²)

282 931 330 981 3.
369 931 480 997 περὶ
514 929 692 993 νόμων,
726 930 790 983 de
825 930 1080 998 legibuo.⁸)

283 1015 330 1063 4.
370 1013 766 1080 στρατηγικῶν)
801 1012 909 1063 iibri
946 1012 1060 1073 duo,
1095 1012 1161 1062 de
1196 1030 1251 1064 re
1281 1013 1489 1065 militari.

1151 1128 1381 1196 Fragm.
1418 1129 1701 1180 xxxvnt.

1013 1211 1188 1277 Polyb.
1225 1206 1295 1262 Χ.
1322 1211 1402 1261 22.
1437 1212 1484 1261 7.
1520 1210 1842 1278 (Schweigh.)

277 1322 562 1389 Δημήτριος
613 1327 639 1370 ό
681 1321 942 1387 Φαληρεὺς
991 1323 1080 1380 ἕως
1129 1320 1274 1380 λόγον
1324 1324 1382 1370 τὸ
1432 1327 1632 1372 τοιοῦτο
1683 1322 1902 1379 ὑπέδειξε
1952 1320 2135 1388 φήσας,
2188 1323 2265 1371 ὅτι
2314 1314 2593 1393 καθάπερ
2640 1313 2698 1368 εἰ)

146 1415 527 1496 οἰκοδομίαις,
565 1418 668 1473 ε’·ἀυ
695 1418 851 1472 κατὰ
887 1417 1035 1481 μίαν
1073 1413 1318 1471 πλίνθου
1350 1418 1469 1488 θῇς
1503 1417 1602 1470 καὶ
1637 1419 1778 1472 καθ’
1818 1421 1926 1472 ἕνα
1965 1413 2151 1495 δόμου
2185 1414 2516 1495 ἐπιμελείας
2553 1419 2697 1491 τύχη

203 1562 239 1614 'J
272 1565 507 1606 Athenaeus
537 1565 622 1605 XV.
661 1576 698 1618 p.
730 1563 826 1604 680.
858 1563 897 1602 6.
943 1563 1135 1604 Demetrii
1173 1562 1400 1616 cujusdam,
1441 1565 1684 1616 cognomine
1722 1576 1803 1604 non
1833 1563 2014 1617 adiecto,
2054 1563 2196 1606 librum
2236 1564 2354 1606 affert
2382 1564 2468 1614 mot
2503 1566 2583 1602 τῶν
2609 1569 2694 1601 κατ’

273 1632 489 1688 Αἴγυπτον·
547 1637 751 1690 Suspicari
782 1636 944 1688 quidem
974 1635 1080 1685 licet,
1110 1637 1355 1677 Demetrium
1386 1635 1643 1686 Phalereum,
1685 1636 1837 1677 tamdiu
1877 1637 1916 1676 in
1956 1637 2147 1691 Aegypto
2178 1642 2401 1688 versatum,
2439 1637 2491 1678 de
2519 1637 2695 1691 Aegypti

277 1722 442 1763 quoque
469 1710 592 1750 rebus
623 1720 727 1762 opus
756 1707 1006 1758 confecisse3
1046 1706 1121 1749 sed
1162 1718 1282 1759 quum
1314 1707 1403 1749 talis
1440 1708 1577 1761 scripti
1609 1709 1658 1750 ab
1690 1707 1759 1749 illo
1790 1708 1887 1750 editi
1915 1711 2112 1763 nusquam
2143 1710 2291 1750 mentio
2321 1709 2427 1751 facta
2457 1710 2695 1764 reperiatur,

275 1783 395 1823 alium
416 1782 674 1832 Demetrium,
703 1781 879 1822 sortasse
909 1781 1144 1834 Byzantium
1174 1779 1295 1831 illum,
1323 1781 1361 1820 in
1394 1792 1565 1822 recensu
1593 1781 1793 1825 variorum
1825 1782 2119 1824 Demetriorum
2148 1783 2319 1836 septimo
2348 1781 2441 1823 loco
2467 1795 2490 1824 a
2512 1783 2695 1834 Diogene

273 1855 433 1895 Laertio
465 1850 535 1904 (V.
567 1849 604 1894 5.
636 1852 729 1899 83.)
759 1840 1024 1903 nominatum,
1064 1852 1133 1905 qui
1164 1864 1286 1905 quum
1316 1852 1392 1894 alia
1422 1853 1582 1906 scripsit
1620 1857 1702 1894 tum
1740 1857 1834 1894 octo
1873 1852 1984 1896 libris
2023 1858 2261 1908 persecutus
2299 1859 2362 1896 est
2399 1847 2573 1905 τάμπερὶ
2609 1848 2694 1891 'Av-

274 1924 403 1975 τίοχον
429 1925 495 1962 καὶ
524 1921 771 1972 Πτολεμαῖον
799 1924 863 1960 καὶ
893 1919 964 1971 τὴν
990 1918 1145 1972 Λιβύης
1174 1918 1239 1959 ὑπ’
1270 1915 1402 1960 αὐτῶν
1429 1921 1625 1972 διοίκησιν,
1654 1924 1959 1980 intelligendum
1989 1938 2083 1967 esse
2114 1938 2278 1968 censeo.
2310 1947 2366 1953 —
2394 1925 2538 1979 Neque
2567 1928 2694 1980 magis

273 1996 531 2048 adducimur,
570 2000 614 2037 ut
646 1995 891 2042 Demetrium
925 1993 1159 2036 Phalereum
1195 1993 1281 2036 libri
1314 1994 1365 2035 de
1395 1995 1573 2056 Aegypti
1613 1996 1735 2037 rebus
1773 1996 1953 2050 inscripti
1991 2001 2196 2038 auctorem
2235 2008 2328 2039 esse
2359 1996 2583 2053 credamus,
2615 1998 2694 2038 alio

274 2063 380 2121 loco,
412 2082 535 2122 quem
563 2057 829 2110 Tertullianus
860 2067 1078 2120 Apologet.
1114 2067 1179 2108 19.
1211 2069 1395 2121 praebet,
1439 2068 1503 2109 ubi
1545 2068 1768 2112 Demetrius
1809 2081 1900 2109 cum
1939 2069 2072 2112 multis
2102 2069 2189 2111 aliis
2217 2074 2285 2122 aut
2316 2070 2366 2112 de
2396 2069 2693 2124 Aegyptiorum

272 2148 341 2183 aut
373 2142 423 2183 de
454 2140 746 2184 Chaldaeorum
778 2145 845 2181 aut
875 2140 926 2180 de
957 2139 1188 2182 Phoenicum
1220 2140 1458 2193 antiquitate
1487 2141 1701 2194 scripsisse
1731 2145 2012 2183 memorantur.

194 2227 233 2277 2)
263 2230 565 2286 Theophrastus
594 2222 802 2267 πολιτικῶν
831 2241 905 2270 sex
937 2229 1061 2270 libros
1090 2230 1260 2283 scripsit.
1321 2228 1371 2270 cl'.
1405 2228 1518 2282 Diog.
1551 2229 1575 2270 l.
1594 2229 1618 2269 Ι.

193 2317 230 2367 ⁸)
260 2320 561 2374 Theophrastus
590 2321 665 2362 tria
693 2331 815 2374 opera
847 2319 899 2362 de
929 2320 1089 2374 legibus
1122 2318 1307 2370 confecit,
1340 2319 1483 2372 quibus
1514 2331 1641 2372 aegre
1671 2331 1873 2363 caremus:
1916 2320 2000 2370 περὶ
2030 2314 2177 2369 νόμων,
2216 2315 2344 2369 νόμων
2372 2314 2474 2359 κατὰ
2510 2323 2692 2371 στοιχεῖον

270 2389 343 2438 κδ’,
379 2393 465 2443 περὶ
493 2387 722 2442 νομοθετῶν
750 2391 874 2433 libros
905 2391 970 2433 lv.
1002 2391 1052 2433 cl'.
1084 2392 1203 2446 Diog.
1235 2389 1303 2431 1.1.

193 2479 229 2528 ⁴)
263 2484 349 2523 Huc
391 2482 612 2535 pertineret
649 2480 762 2522 locus
802 2481 1011 2523 Strabonis
1051 2475 1242 2531 [vntst.
1275 2481 1312 2526 §.
1343 2479 1420 2532 8.),
1458 2481 1532 2523 nisi
1572 2479 1821 2523 manifestum
1864 2485 1996 2532 esset,
2037 2491 2216 2523 errorem
2257 2478 2406 2523 librarii
2444 2479 2689 2535 negligentia

268 2555 417 2594 sactum
449 2554 488 2594 ei
520 2553 655 2593 inesse
685 2557 726 2593 et
756 2565 827 2604 pro
861 2546 1068 2601 Φαληρεύς
1099 2551 1314 2605 legendum
1344 2565 1437 2594 esse
1469 2547 1633 2601 Φάριος.
1683 2552 1791 2595 llaec
1819 2552 2061 2604 cognomina
2091 2551 2331 2605 plerumque
2358 2553 2540 2606 praecise
2569 2554 2688 2596 scribi

268 2627 465 2674 solebant,
507 2629 552 2666 ut
592 2637 639 2665 ea
683 2623 734 2665 de
765 2612 886 2667 causa
928 2629 1070 2678 postea
1110 2635 1255 2666 nomen
1296 2623 1458 2667 celebre
1494 2636 1567 2678 pro
1608 2623 1811 2678 ignotiore
1849 2627 2072 2677 caperetur.
2138 2622 2247 2667 Haec
2283 2629 2377 2669 sunt
2405 2625 2550 2670 verba:
2595 2618 2690 2662 ὥστ’

269 2696 414 2741 οἰκείως
443 2695 550 2735 δοκεῖ
574 2690 802 2746 Δημήτριος
832 2691 853 2733 ὁ
886 2691 1090 2747 Φαληρεὺς
1118 2690 1214 2746 πρὸς
1250 2692 1443 2734 Φίλιππον
1469 2695 1581 2734 εἰπεῖν
1608 2690 1678 2735 τὸν
1702 2692 1944 2746 Δημητρίου,
1976 2689 2324 2746 παρακελευόμενος
2351 2690 2502 2742 τούτων
2530 2691 2690 2748 ἔχεσθαι

267 2766 346 2805 τῶν
372 2764 525 2807 πόλεων
553 2764 698 2818 ἀμφοῖν
726 2764 994 2815 ἐπιθυμοῦντα
1030 2767 1100 2816 τῆς
1130 2762 1453 2816 Πελοποννήσου·
1492 2769 1573 2806 τῶν
1607 2761 1780 2818 κεράτων
1816 2762 1892 2818 γὰρ
1933 2762 2092 2818 ἀμφοῖν,
2131 2763 2221 2818 ἔφη,
2257 2763 2438 2814 καθέξεις
2473 2764 2545 2816 τὴν
2579 2765 2687 2817 βοῦν,

266 2841 413 2890 κέρατα
455 2840 522 2889 μὲν
559 2837 681 2890 λέγων
722 2835 794 2889 τὴν
834 2834 1003 2889 Ἰθώμην
1036 2841 1100 2877 καὶ
1137 2835 1206 2879 τὸν
1246 2834 1562 2891 Ἀκροκόρινθον,
1598 2836 1695 2891 βοῦν
1733 2837 1777 2878 δὲ
1814 2834 1887 2888 τὴν
1924 2833 2230 2889 Πελοπόννησον.
2303 2841 2424 2884 Plane
2463 2846 2686 2895 repugnant

268 2921 461 2967 tempora.
520 2913 645 2955 Multo
673 2915 776 2956 enim
809 2918 903 2955 ante
935 2912 1038 2954 hunc
1068 2913 1285 2968 Philippum
1314 2917 1553 2968 regnantem
1582 2913 1809 2955 Demetrius
1840 2911 2054 2955 Phalereus
2084 2917 2268 2955 mortuus
2300 2917 2396 2954 erat.
2444 2912 2685 2955 Demetrium

266 2992 397 3028 autom
430 2985 629 3036 Pharium,
661 2999 681 3026 a
714 2986 902 3027 Romanis
933 2986 1101 3036 victum,
1140 2986 1252 3038 locis,
1282 2986 1322 3027 in
1353 2987 1499 3039 quibus
1529 2990 1734 3039 regnaret,
1764 2984 1929 3037 relictis,
1960 2985 2008 3027 ad
2039 2985 2259 3039 Philippum
2291 2984 2550 3026 Macedonem
2582 2998 2685 3027 con-

268 3061 434 3113 fugisse,
474 3059 596 3112 eique
630 3063 671 3099 ut
710 3059 937 3112 praesidium
978 3059 1016 3099 in
1048 3057 1238 3110 Rhomen,
1280 3057 1493 3101 Messenae
1522 3071 1670 3111 arcem,
1707 3058 1927 3111 induceret,
1958 3063 2099 3113 postea
2129 3058 2319 3108 suasisse,
2350 3057 2489 3099 iisdem
2521 3071 2692 3112 prorsus

268 3135 401 3173 verbis
431 3133 607 3173 narravit
640 3131 827 3185 Polybius
861 3132 941 3173 Vll.
977 3129 1041 3170 11.
1086 3124 1189 3166 οὕτω
1227 3126 1298 3180 γὰρ
1339 3130 1531 3180 ἑκατέρων
1568 3128 1647 3168 τῶν
1684 3125 1857 3180 κεράτων
1892 3129 2050 3181 κρατῶν
2088 3126 2215 3177 μόνως
2255 3122 2301 3165 ἂν
2338 3126 2547 3180 ὑποχείριον
2589 3126 2686 3178 ἔχοις

264 3201 331 3241 τὸν
360 3201 456 3254 βοῦν
484 3202 563 3240 κτλ.
