2853 3836
1372 156 1487 213 21>

154 287 334 338 Suidas
378 305 416 337 s.
457 306 502 337 v.
553 286 870 354 Δημήτριος.
917 287 1125 353 γέγραφε
1170 286 1417 354 φιλόσοφά
1465 306 1516 336 τε
1564 287 1644 335 καὶ
1692 286 1913 353 ἱστορικὰ
1958 286 2038 334 καὶ
2078 287 2308 352 ῥητορικὰ
2354 290 2433 337 καὶ
2476 289 2698 338 πολιτικὰ

154 372 232 418 καὶ
269 370 379 435 περὶ
411 377 645 434 ποιητῶν.
717 370 771 419 ln
809 370 917 435 ipso
959 369 1122 420 indice
1163 371 1397 421 librorum
1433 389 1462 421 a
1498 371 1718 438 Diogene
1756 379 2023 431 asservato,
2060 370 2200 436 cujus
2234 369 2355 419 ordo
2394 375 2555 423 nullus
2591 390 2696 422 cer-

153 454 311 515 nitur,
358 452 679 519 quadraginta
715 453 929 519 quinque
975 453 1158 519 scripta
1193 454 1565 515 continentur,¹)
1611 469 1816 519 quorum
1862 470 1923 502 ex
1973 453 2127 503 titulis
2167 452 2465 502 Demetrium
2502 456 2697 505 easdem

141 528 250 597 ‘res,
285 536 460 601 quibus
492 535 871 601 Theophrastus
905 544 957 585 et
995 535 1286 586 Aristoteles
1320 551 1517 601 operam
1554 535 1794 596 dederint,
1829 536 2122 586 tractavisse
2150 535 2351 603 intelligi
2391 544 2566 602 potest.

287 619 400 667 Jam
439 634 554 667 vero
590 618 638 666 in
673 618 962 684 fragmentis
1001 619 1236 668 Demetrii
1271 617 1560 682 scriptorum
1593 633 1656 667 ex
1684 624 1906 683 veterum
1933 618 2050 666 locis
2084 618 2370 683 colligendis
2416 618 2699 669 divisionem

154 716 411 766 generum,
456 700 648 765 qualem
690 695 934 766 Diogenes
978 709 1028 750 et
1072 699 1252 749 Suidas
1287 698 1633 760 observatum,
1678 698 1857 759 secuti,
1906 704 2118 764 quatuor
2160 700 2237 748 vel
2274 701 2489 767 quinque
2522 716 2700 767 genera

156 783 478 832 discernenda
524 799 635 832 esse
681 783 935 833 volumus:
979 799 1127 847 opera
1177 781 1534 846 philosophica,
1582 780 1788 846 scripta,
1832 797 1957 845 quae
2003 780 2254 831 historiam
2300 790 2350 830 et
2385 783 2700 848 antiquitates

156 870 398 930 spectant,
435 850 635 930 scripta,
668 882 794 930 quae
828 862 1125 927 reipublicae
1160 863 1405 929 gerendae
1440 863 1748 930 prudentiam
1785 863 2044 929 pertinent,
2077 862 2333 925 rhetorica,
2363 866 2700 929 grammatica3

156 963 363 1013 quorum
401 946 618 1013 reliquiis
653 944 867 996 collectis
903 945 1200 1011 reliquorum
1237 945 1531 1012 scriptorum
1570 946 1837 1013 fragmento
1875 944 2171 1013 subjungere
2198 945 2249 995 in
2284 945 2442 996 animo
2476 954 2565 997 est.

293 1029 407 1078 Duo
443 1029 640 1094 scripta,
674 1043 800 1093 quae
831 1028 1066 1077 Demetrii
1094 1029 1288 1078 nomine
1314 1028 1436 1078 salso
1470 1029 1707 1089 seruntur,
1745 1029 1958 1078 breviter
1982 1035 2170 1078 tantum
2197 1028 2288 1077 hoc
2321 1028 2426 1078 loco
2454 1029 2698 1095 attingam.

156 1111 442 1177 Stephanus
489 1097 765 1176 Byzantius
800 1129 837 1160 s.
878 1128 924 1159 v.
970 1109 1167 1178 κορώπη
1212 1111 1513 1161 Demetrium
1562 1112 1850 1172 Phalereum
1897 1111 2267 1161 commentarios
2314 1113 2363 1161 iu
2401 1113 2699 1162 Nicandrum

157 1195 495 1259 composuisse
530 1201 710 1254 narrat,
746 1194 876 1259 quod
914 1202 999 1243 aut
1034 1194 1261 1243 mendum
1298 1193 1571 1259 scripturae
1604 1200 1690 1242 aut
1725 1209 1861 1243 error
1896 1193 2135 1259 Stephani
2172 1201 2273 1254 est3
2311 1208 2419 1243 nam
2456 1193 2701 1244 Nicander

156 1275 239 1325 ille
274 1275 401 1326 circa
437 1290 617 1325 annum
660 1275 753 1325 15⁰
774 1291 817 1325 a.
842 1275 971 1336 cnr,
1009 1275 1259 1325 Demetrio
1294 1274 1479 1325 dudum
1517 1281 1723 1336 mortuo,
1758 1274 1906 1336 vixit,
1941 1290 2092 1341 quare
2130 1274 2429 1326 Demetrium
2468 1275 2698 1326 Chiorum

156 1374 182 1406 a
220 1357 477 1422 Stephano
513 1357 715 1421 intelligi
753 1356 841 1406 viri
880 1357 1008 1407 docti
1046 1356 1424 1422 conjecerunt.²)
1496 1358 1716 1407 Alterum
1762 1358 2077 1422 opusculum,
2126 1357 2254 1422 quod
2302 1357 2580 1408 etiamnunc
2625 1358 2699 1408 in-

155 1447 345 1504 tegrum
380 1447 558 1498 exstat,
603 1437 745 1505 cujus
777 1442 1028 1491 a'uctorem
1065 1440 1212 1504 vulgo
1244 1439 1543 1490 Demetrium
1583 1440 1872 1491 Phalereum
1909 1439 2076 1500 edunt,
2112 1448 2162 1490 et
2197 1439 2547 1490 sententiarum
2584 1442 2700 1490 suh-

156 1523 333 1574 tilitate
363 1532 414 1574 et
454 1522 627 1591 judicii
664 1524 888 1575 acumine
927 1531 977 1574 et
1011 1523 1346 1589 exemplorum
1391 1523 1586 1574 delectu
1630 1523 1759 1573 haud
1803 1522 2199 1594 improbandum,
2250 1533 2325 1574 est
2369 1523 2558 1574 libellus
2603 1524 2699 1585 ille,

155 1608 237 1671 qui
271 1608 538 1673 inscriptus
573 1615 649 1658 est
692 1608 802 1673 περὶ
849 1607 1103 1671 ἑρμηνείας
1136 1606 1242 1655 sive
1278 1606 1341 1655 de
1374 1606 1674 1665 elocutione,
1723 1622 1865 1671 quem
1901 1622 2050 1670 quum
2088 1607 2253 1657 multis
2291 1606 2354 1656 de
2388 1606 2549 1656 causis
2597 1614 2698 1656 tum

156 1698 361 1755 propter
394 1698 671 1755 temporum
706 1691 941 1749 ordinem,
992 1691 1165 1738 mirum
1200 1690 1248 1737 in
1286 1689 1480 1737 modum
1518 1691 1717 1748 laesum,
1765 1689 1979 1738 inferiori
2013 1690 2353 1754 assignandum
2389 1707 2501 1738 esse
2548 1691 2698 1738 aetati

156 1774 554 1822 demonstrarunt
588 1772 807 1837 critici,⁸)
846 1772 1147 1822 Demetrium
1191 1771 1354 1836 potius
1396 1771 1779 1821 Alexandrinum
1826 1771 2077 1836 suspicati,
2111 1772 2202 1821 sub
2242 1772 2305 1822 M.
2345 1772 2527 1822 Aurelii
2568 1773 2699 1837 prin—

157 1856 321 1920 cipatu
358 1855 641 1920 sophistam.

217 2006 250 2053 ¹)
285 2009 324 2046 V.
353 2012 391 2048 5.
422 2008 492 2048 80.
518 2007 586 2048 81.
639 2002 743 2043 Ἐστι
773 2005 816 2043 δὲ
846 2002 897 2042 τὰ
923 2007 1009 2054 περὶ
1039 2004 1108 2054 τῆς
1138 2002 1330 2055 Ἀθήνῃσι
1359 2005 1593 2054 νομοθεσίας
1621 2002 1660 2042 α’
1686 2003 1724 2054 β’
1755 2002 1791 2055 γ’
1818 2003 1853 2042 δ’
1881 2003 1923 2050 ε’,
1952 2007 2037 2055 περὶ
2066 2000 2147 2042 τῶν
2171 2002 2363 2055 Ἀθήνῃσι
2391 2004 2558 2043 πολιτῶν
2587 2005 2624 2042 α’
2649 2003 2699 2056 β’,

286 2082 369 2128 περὶ
403 2078 654 2128 δημαγωγίαις
691 2076 729 2114 α’
758 2076 810 2128 β’,
848 2080 933 2127 περὶ
970 2076 1166 2126 πολιτικῆς
1204 2077 1243 2115 α’
1271 2077 1324 2128 β’,
1352 2081 1437 2129 περὶ
1473 2075 1602 2128 νόμων
1636 2076 1687 2123 α’,
1725 2080 1810 2128 περὶ
1848 2077 2053 2128 ῥητορικῆς
2090 2076 2129 2114 α’
2156 2076 2208 2128 β’,
2249 2076 2531 2129 Στρατηγικῶν
2568 2076 2619 2124 α’,
2648 2078 2699 2130 β’,

287 2154 373 2201 περὶ
406 2147 565 2196 Ἰλιάδος
594 2148 632 2188 α’
660 2148 711 2201 β’,
750 2153 835 2202 περὶ
872 2148 1090 2196 Ὀδυσσείας
1118 2149 1156 2188 α’
1184 2150 1223 2201 β’
1252 2156 1286 2203 γ’
1318 2151 1369 2198 δ’,
1406 2150 1651 2200 Πτολεμαῖος
1678 2154 1732 2197 α’,
1767 2146 1967 2201 Ἐρωτικός
1996 2154 2049 2196 α’,
2091 2147 2325 2196 Φαιδώνδας
2354 2155 2408 2197 α’,
2448 2150 2614 2190 Μαίδων
2646 2157 2698 2197 α’,

288 2225 427 2262 Κλέων
454 2230 504 2268 α’,
548 2220 769 2273 Σωκράτης
797 2229 850 2269 α’,
887 2222 1145 2274 Ἀρταξέρξης
1173 2229 1226 2270 α’,
1252 2221 1451 2274 Ὁμηρικός
1480 2229 1533 2270 α’,
1570 2220 1808 2272 Ἀριστείδης
1836 2227 1890 2269 α’,
1920 2219 2200 2275 Ἀριστόμαχος
2229 2228 2284 2269 α’,
2326 2222 2618 2275 Προτρεπτικός
2646 2231 2699 2271 α’,

288 2296 382 2347 ὑπὲρ
420 2299 491 2346 τῆς
527 2296 720 2340 πολιτείας
748 2302 804 2342 α’,
843 2300 928 2347 περὶ
966 2295 1036 2345 τῆς
1072 2297 1266 2341 δεκαετίας
1300 2297 1353 2343 α’,
1391 2300 1476 2347 περὶ
1514 2295 1594 2334 τῶν
1636 2293 1773 2333 Ἰώνων
1812 2300 1866 2342 α’,
1906 2292 2193 2346 Πρεσβευτικός
2229 2301 2282 2342 α’,
2320 2299 2405 2347 περὶ
2444 2296 2608 2341 πίστεως
2646 2303 2699 2343 α’,

286 2373 370 2419 περὶ
400 2366 559 2420 χάριτος
587 2369 639 2415 α’,
675 2372 761 2419 περὶ
789 2369 907 2420 τύχης
936 2374 989 2415 α’,
1025 2372 1109 2420 περὶ
1138 2368 1425 2420 μεγαλοψυχίας
1454 2373 1508 2415 α’,
1543 2370 1629 2419 περ)
1655 2364 1780 2419 γάμον
1810 2373 1864 2415 α’,
1901 2370 1987 2419 περὶ
2016 2366 2086 2406 τοῦ
2117 2365 2235 2407 δόκου
2264 2373 2319 2415 α’,
2355 2371 2441 2420 περὶ
2470 2365 2617 2420 εἰρήνης
2646 2375 2699 2416 α’,

286 2445 371 2491 περὶ
400 2438 528 2491 νόμων
555 2446 609 2486 α’,
645 2444 729 2491 περὶ
756 2438 1070 2490 ἐπιτηδευμάτων
1099 2442 1152 2487 α’,
1181 2444 1265 2490 περὶ
1293 2441 1428 2491 καιροῦ
1457 2446 1511 2486 α’,
1541 2436 1742 2485 Διονύσιος
1771 2440 1825 2487 α’,
1864 2436 2100 2484 Χαλκιδικός
2128 2446 2183 2487 α’,
2218 2437 2444 2489 Ἀθηναίων
2471 2440 2699 2493 καταδρομή

290 2511 341 2559 α’,
370 2515 458 2561 περὶ
483 2508 735 2562 Ἀντιφάνους
764 2519 816 2565 α’,
848 2514 1065 2564 Προοίμιον
1092 2510 1283 2563 ἱστορικόν
1311 2518 1364 2559 α’,
1392 2510 1610 2552 Ἐπιστολαί
1628 2517 1682 2560 α’,
1709 2509 1906 2561 Ἐκκλησία
1934 2508 2086 2563 ἔνορκος
2115 2516 2169 2557 α’,
2199 2513 2285 2563 περὶ
2314 2508 2443 2563 γήρως
2471 2513 2524 2560 α’,
2558 2512 2699 2552 Δίκαια

289 2589 342 2631 α’,
373 2583 611 2623 Αἰσωπείων
638 2588 693 2631 α’,
722 2585 877 2636 Χρειῶν
904 2589 955 2624 α’.

210 2672 246 2722 ²)
279 2677 328 2716 cl.
365 2677 517 2717 Fabric.
549 2675 730 2717 biblioth.
763 2688 894 2728 graec.
928 2677 992 2717 lv.
1024 2688 1061 2731 p.
1093 2675 1189 2717 346.

212 2761 249 2811 ⁸)
282 2765 331 2806 cs.
362 2765 514 2807 Schoell
554 2765 701 2807 Gesch.
736 2764 808 2805 der
836 2767 987 2818 griech.
1021 2766 1141 2807 Liter.
1178 2765 1220 2806 B.
1253 2764 1298 2806 ll.
1331 2777 1368 2819 p.
1400 2763 1493 2807 148.
1567 2764 1806 2819 Discrepant
1838 2761 1989 2818 J'udicia
2030 2761 2238 2806 doctorum
2277 2764 2451 2807 virorum
2493 2764 2542 2813 de
2582 2763 2698 2819 hujus

288 2838 373 2879 libri
404 2843 582 2880 auctore.
643 2838 720 2880 Alii
754 2838 879 2890 enlm,
911 2843 953 2880 ut
984 2839 1173 2892 Vossius,
1204 2838 1407 2892 Muretus,
1439 2837 1536 2881 Gale
1567 2842 1606 2881 et
1635 2836 1859 2881 Schneider
1888 2836 2086 2893 appellant
2113 2836 2221 2880 illum
2251 2838 2490 2880 Demetrium
2519 2836 2699 2880 Alexan—

288 2912 456 2963 drinum,
490 2917 668 2966 tempore
701 2911 824 2953 Marci
856 2912 1040 2953 Antonini
1074 2913 1329 2967 imperatoris
1360 2912 1577 2953 viventem:
1618 2911 1683 2953 alii
1714 2922 1812 2953 vero
1846 2911 2078 2967 Dionysium
2110 2910 2477 2954 Halicarnasseum:
2519 2910 2583 2953 alii
2614 2912 2697 2953 De·-

288 2986 470 3027 mctrium
501 2984 613 3025 lxion
648 2983 864 3038 quendam·
925 2983 1006 3026 Sed
1036 2984 1128 3025 nihil
1159 2990 1326 3027 constat.
1387 2985 1573 3027 Attamen
1603 2984 1682 3026 hoc
1713 2984 1792 3026 dici
1822 2988 1974 3039 potest,
2005 2995 2080 3026 nec
2111 2983 2269 3026 illorum
2301 2988 2695 3026 commemoratorum

286 3071 419 3108 unum,
451 3068 527 3098 nec
549 3058 789 3098 Demetrium
812 3056 1048 3099 Phalereum
1081 3069 1170 3099 esse
1199 3063 1427 3109 auctorem,
1460 3058 1530 3099 sed
1563 3058 1806 3100 Demetrium
1838 3057 2059 3111 quendam,
2091 3056 2159 3110 qui
2189 3055 2345 3097 illorum
2377 3060 2555 3111 tempore
2584 3058 2695 3099 vixit.

288 3130 334 3170 cf.
355 3130 405 3171 de
435 3129 510 3170 hac
542 3142 585 3170 re
607 3130 719 3183 Jacq.
745 3130 889 3171 Matter
918 3130 956 3171 in
990 3129 1094 3170 essai
1125 3128 1344 3184 historique
1373 3143 1444 3172 sur
1473 3129 1616 3172 l'ecole
1637 3130 1935 3172 d’Alexandrie.
1967 3128 2112 3176 (Paris.
2132 3126 2254 3179 1820,
2271 3128 2332 3174 8.)
2349 3129 2425 3171 vol.
2444 3130 2509 3184 tp
2535 3125 2620 3171 284
2635 3142 2695 3184 sq.

289 3202 569 3243 Westcrmann
601 3202 843 3246 Geschichte
874 3203 945 3244 der
978 3202 1291 3244 Beredlsamkcit
1326 3205 1349 3249 ὃ
1395 3203 1462 3244 95.
1510 3202 1636 3244 Walz.
1669 3204 1705 3245 in
1738 3204 1839 3245 rhet.
1872 3204 2013 3245 Graec.
2046 3201 2122 3243 vol.
2155 3201 2217 3243 lx.
2247 3201 2398 3259 proleg.
2417 3215 2454 3257 p.
2487 3202 2599 3244 llls-
2615 3202 2693 3245 Vll.
