<?xml version="1.0" encoding="UTF-8"?>
<!DOCTYPE html PUBLIC "-//W3C//DTD XHTML 1.0 Transitional//EN"
    "http://www.w3.org/TR/xhtml1/DTD/xhtml1-transitional.dtd">
<html xmlns="http://www.w3.org/1999/xhtml" xml:lang="en" lang="en">
 <head>
  <title>
</title>
<meta http-equiv="Content-Type" content="text/html;charset=utf-8" />
  <meta name='ocr-system' content='tesseract 3.04.00' />
  <meta name='ocr-capabilities' content='ocr_page ocr_carea ocr_par ocr_line ocrx_word'/>
</head>
<body>
  <div class='ocr_page' id='page_1' title='image "4775041_0014.png"; bbox 0 0 2853 3836; ppageno 0'>
   <div class='ocr_carea' id='block_1_1' title="bbox 1398 151 1451 206">
    <p class='ocr_par' dir='ltr' id='par_1_1' title="bbox 1398 151 1451 206">
     <span class='ocr_line' id='line_1_1' title="bbox 1398 151 1451 206; baseline 0 0"><span class='ocrx_word' id='word_1_1' title='bbox 1398 151 1451 206; x_wconf 72' lang='lat'>4</span> 
     </span>
    </p>
   </div>
   <div class='ocr_carea' id='block_1_2' title="bbox 148 272 2705 2500">
    <p class='ocr_par' dir='ltr' id='par_1_2' title="bbox 148 272 2703 1091">
     <span class='ocr_line' id='line_1_2' title="bbox 148 272 2693 354; baseline -0.002 -15"><span class='ocrx_word' id='word_1_2' title='bbox 148 287 370 339; x_wconf 85' lang='lat' dir='ltr'><strong>hausisse</strong></span> <span class='ocrx_word' id='word_1_3' title='bbox 413 294 644 354; x_wconf 88' lang='lat' dir='ltr'><strong>apparet,</strong></span> <span class='ocrx_word' id='word_1_4' title='bbox 696 272 997 334; x_wconf 77' lang='lat' dir='ltr'>Demetrium</span> <span class='ocrx_word' id='word_1_5' title='bbox 1038 283 1355 345; x_wconf 89' lang='lat' dir='ltr'><strong>Phalereum,</strong></span> <span class='ocrx_word' id='word_1_6' title='bbox 1401 284 1564 349; x_wconf 88' lang='lat' dir='ltr'><strong>regiae</strong></span> <span class='ocrx_word' id='word_1_7' title='bbox 1607 283 1929 333; x_wconf 78' lang='lat' dir='ltr'><strong>bibliothecae</strong></span> <span class='ocrx_word' id='word_1_8' title='bbox 1976 282 2301 350; x_wconf 82' lang='lat' dir='ltr'><strong>praesectum,</strong></span> <span class='ocrx_word' id='word_1_9' title='bbox 2351 285 2411 334; x_wconf 84' lang='lat' dir='ltr'><strong>ad</strong></span> <span class='ocrx_word' id='word_1_10' title='bbox 2450 286 2596 336; x_wconf 87' lang='lat' dir='ltr'><strong>libros</strong></span> <span class='ocrx_word' id='word_1_11' title='bbox 2631 300 2693 333; x_wconf 85' lang='lat' dir='ltr'><strong>ex</strong></span> 
     </span>
     <span class='ocr_line' id='line_1_3' title="bbox 148 366 2694 432; baseline -0.002 -12"><span class='ocrx_word' id='word_1_12' title='bbox 148 373 267 420; x_wconf 90' lang='lat' dir='ltr'><strong>orbe</strong></span> <span class='ocrx_word' id='word_1_13' title='bbox 302 380 541 419; x_wconf 90' lang='lat' dir='ltr'><strong>terrarum</strong></span> <span class='ocrx_word' id='word_1_14' title='bbox 590 369 821 417; x_wconf 86' lang='lat' dir='ltr'><strong>universo</strong></span> <span class='ocrx_word' id='word_1_15' title='bbox 865 368 1227 431; x_wconf 80' lang='lat' dir='ltr'><strong>congerendos,</strong></span> <span class='ocrx_word' id='word_1_16' title='bbox 1272 384 1445 432; x_wconf 89' lang='lat' dir='ltr'><strong>magna</strong></span> <span class='ocrx_word' id='word_1_17' title='bbox 1482 367 1798 432; x_wconf 81' lang='lat' dir='ltr'><strong>pecuniarum</strong></span> <span class='ocrx_word' id='word_1_18' title='bbox 1839 367 1884 415; x_wconf 87' lang='lat' dir='ltr'><strong>vi</strong></span> <span class='ocrx_word' id='word_1_19' title='bbox 1920 384 1950 416; x_wconf 89' lang='lat' dir='ltr'><strong>a</strong></span> <span class='ocrx_word' id='word_1_20' title='bbox 1986 384 2100 432; x_wconf 90' lang='lat' dir='ltr'><strong>rege</strong></span> <span class='ocrx_word' id='word_1_21' title='bbox 2133 374 2358 432; x_wconf 89' lang='lat' dir='ltr'><strong>accepta,</strong></span> <span class='ocrx_word' id='word_1_22' title='bbox 2403 366 2694 419; x_wconf 67' lang='lat' dir='ltr'><strong>coemendos</strong></span> 
     </span>
     <span class='ocr_line' id='line_1_4' title="bbox 148 448 2698 516; baseline -0.001 -14"><span class='ocrx_word' id='word_1_23' title='bbox 148 452 293 511; x_wconf 82' lang='lat' dir='ltr'><strong>alios,</strong></span> <span class='ocrx_word' id='word_1_24' title='bbox 339 454 457 501; x_wconf 90' lang='lat' dir='ltr'><strong>alios</strong></span> <span class='ocrx_word' id='word_1_25' title='bbox 500 451 851 500; x_wconf 88' lang='lat' dir='ltr'><strong>exscribendos</strong></span> <span class='ocrx_word' id='word_1_26' title='bbox 889 449 1252 514; x_wconf 85' lang='lat' dir='ltr'><strong>vertendosque</strong></span> <span class='ocrx_word' id='word_1_27' title='bbox 1288 465 1510 508; x_wconf 80' lang='lat' dir='ltr'>curasse,</span> <span class='ocrx_word' id='word_1_28' title='bbox 1558 455 1635 509; x_wconf 95' lang='lat' dir='ltr'><strong>ut,</strong></span> <span class='ocrx_word' id='word_1_29' title='bbox 1683 456 1918 513; x_wconf 86' lang='lat' dir='ltr'><strong>quantum</strong></span> <span class='ocrx_word' id='word_1_30' title='bbox 1954 450 2005 499; x_wconf 91' lang='lat' dir='ltr'><strong>in</strong></span> <span class='ocrx_word' id='word_1_31' title='bbox 2040 466 2095 499; x_wconf 91' lang='lat' dir='ltr'><strong>se</strong></span> <span class='ocrx_word' id='word_1_32' title='bbox 2129 457 2283 510; x_wconf 89' lang='lat' dir='ltr'><strong>esset,</strong></span> <span class='ocrx_word' id='word_1_33' title='bbox 2321 449 2557 498; x_wconf 86' lang='lat' dir='ltr'><strong>voluntati</strong></span> <span class='ocrx_word' id='word_1_34' title='bbox 2593 448 2698 516; x_wconf 85' lang='lat' dir='ltr'><strong>ejus</strong></span> 
     </span>
     <span class='ocr_line' id='line_1_5' title="bbox 150 529 2699 595; baseline -0.001 -11"><span class='ocrx_word' id='word_1_35' title='bbox 150 536 471 584; x_wconf 69' lang='lat' dir='ltr'><strong>satisfaceret.</strong></span> <span class='ocrx_word' id='word_1_36' title='bbox 558 535 629 582; x_wconf 91' lang='lat' dir='ltr'><strong>lta</strong></span> <span class='ocrx_word' id='word_1_37' title='bbox 665 531 886 581; x_wconf 86' lang='lat' dir='ltr'><strong>destituti</strong></span> <span class='ocrx_word' id='word_1_38' title='bbox 935 532 1249 581; x_wconf 81' lang='lat' dir='ltr'><strong>classicorum</strong></span> <span class='ocrx_word' id='word_1_39' title='bbox 1298 530 1592 595; x_wconf 90' lang='lat' dir='ltr'><strong>scriptorum</strong></span> <span class='ocrx_word' id='word_1_40' title='bbox 1631 529 1948 590; x_wconf 80' lang='lat' dir='ltr'><strong>testimoniis,</strong></span> <span class='ocrx_word' id='word_1_41' title='bbox 1999 532 2080 595; x_wconf 85' lang='lat' dir='ltr'><strong>qui</strong></span> <span class='ocrx_word' id='word_1_42' title='bbox 2129 531 2365 581; x_wconf 86' lang='lat' dir='ltr'><strong>Demetrii</strong></span> <span class='ocrx_word' id='word_1_43' title='bbox 2412 530 2699 581; x_wconf 80' lang='lat' dir='ltr'><strong>bibliotheca</strong></span> 
     </span>
     <span class='ocr_line' id='line_1_6' title="bbox 151 611 2699 682; baseline -0.001 -17"><span class='ocrx_word' id='word_1_44' title='bbox 151 616 508 682; x_wconf 78' lang='lat' dir='ltr'><strong>praefecturam</strong></span> <span class='ocrx_word' id='word_1_45' title='bbox 545 615 738 664; x_wconf 89' lang='lat' dir='ltr'><strong>silentio</strong></span> <span class='ocrx_word' id='word_1_46' title='bbox 777 615 1160 680; x_wconf 90' lang='lat' dir='ltr'><strong>praeterierunt,</strong></span> <span class='ocrx_word' id='word_1_47' title='bbox 1196 613 1257 662; x_wconf 91' lang='lat' dir='ltr'><strong>ad</strong></span> <span class='ocrx_word' id='word_1_48' title='bbox 1294 628 1393 672; x_wconf 85' lang='lat' dir='ltr'><strong>eos,</strong></span> <span class='ocrx_word' id='word_1_49' title='bbox 1430 628 1553 677; x_wconf 89' lang='lat' dir='ltr'><strong>quos</strong></span> <span class='ocrx_word' id='word_1_50' title='bbox 1586 611 1825 672; x_wconf 81' lang='lat' dir='ltr'><strong>diximus,</strong></span> <span class='ocrx_word' id='word_1_51' title='bbox 1860 620 2060 662; x_wconf 87' lang='lat' dir='ltr'><strong>autores</strong></span> <span class='ocrx_word' id='word_1_52' title='bbox 2095 629 2196 662; x_wconf 90' lang='lat' dir='ltr'><strong>rem</strong></span> <span class='ocrx_word' id='word_1_53' title='bbox 2232 613 2436 680; x_wconf 85' lang='lat' dir='ltr'><strong>rejicere</strong></span> <span class='ocrx_word' id='word_1_54' title='bbox 2471 612 2699 679; x_wconf 90' lang='lat' dir='ltr'><strong>cogimur,</strong></span> 
     </span>
     <span class='ocr_line' id='line_1_7' title="bbox 150 693 2701 765; baseline -0.002 -16"><span class='ocrx_word' id='word_1_55' title='bbox 150 698 352 765; x_wconf 90' lang='lat' dir='ltr'><strong>quibus,</strong></span> <span class='ocrx_word' id='word_1_56' title='bbox 400 697 589 748; x_wconf 88' lang='lat' dir='ltr'><strong>etiamsi</strong></span> <span class='ocrx_word' id='word_1_57' title='bbox 636 713 701 748; x_wconf 84' lang='lat' dir='ltr'><strong>ex</strong></span> <span class='ocrx_word' id='word_1_58' title='bbox 748 697 1063 764; x_wconf 83' lang='lat' dir='ltr'><strong>locupletium</strong></span> <span class='ocrx_word' id='word_1_59' title='bbox 1111 695 1309 746; x_wconf 91' lang='lat' dir='ltr'><strong>testium</strong></span> <span class='ocrx_word' id='word_1_60' title='bbox 1355 711 1506 745; x_wconf 87' lang='lat' dir='ltr'><strong>censu</strong></span> <span class='ocrx_word' id='word_1_61' title='bbox 1551 693 1873 745; x_wconf 84' lang='lat' dir='ltr'><strong>excludamus</strong></span> <span class='ocrx_word' id='word_1_62' title='bbox 1924 693 2229 757; x_wconf 81' lang='lat' dir='ltr'><strong>Aristaeum,</strong></span> <span class='ocrx_word' id='word_1_63' title='bbox 2275 696 2614 749; x_wconf 88' lang='lat' dir='ltr'><strong>ut.hominem</strong></span> <span class='ocrx_word' id='word_1_64' title='bbox 2650 695 2701 745; x_wconf 89' lang='lat' dir='ltr'><strong>in</strong></span> 
     </span>
     <span class='ocr_line' id='line_1_8' title="bbox 152 777 2701 844; baseline -0.001 -12"><span class='ocrx_word' id='word_1_65' title='bbox 152 783 259 832; x_wconf 83' lang='lat' dir='ltr'><strong>aliis</strong></span> <span class='ocrx_word' id='word_1_66' title='bbox 306 784 455 831; x_wconf 90' lang='lat' dir='ltr'><strong>rebus</strong></span> <span class='ocrx_word' id='word_1_67' title='bbox 506 781 615 831; x_wconf 85' lang='lat' dir='ltr'><strong>salsi</strong></span> <span class='ocrx_word' id='word_1_68' title='bbox 664 781 920 830; x_wconf 83' lang='lat' dir='ltr'><strong>manil&#39;esto</strong></span> <span class='ocrx_word' id='word_1_69' title='bbox 967 779 1269 839; x_wconf 82' lang='lat' dir='ltr'><strong>convictum,</strong></span> <span class='ocrx_word' id='word_1_70' title='bbox 1319 794 1415 828; x_wconf 92' lang='lat' dir='ltr'><strong>non</strong></span> <span class='ocrx_word' id='word_1_71' title='bbox 1467 777 1607 827; x_wconf 82' lang='lat' dir='ltr'><strong>facile</strong></span> <span class='ocrx_word' id='word_1_72' title='bbox 1650 777 1796 827; x_wconf 90' lang='lat' dir='ltr'><strong>fidem</strong></span> <span class='ocrx_word' id='word_1_73' title='bbox 1844 777 2020 843; x_wconf 86' lang='lat' dir='ltr'><strong>aliquis</strong></span> <span class='ocrx_word' id='word_1_74' title='bbox 2067 786 2231 844; x_wconf 88' lang='lat' dir='ltr'><strong>potest</strong></span> <span class='ocrx_word' id='word_1_75' title='bbox 2275 779 2559 841; x_wconf 79' lang='lat' dir='ltr'><strong>detrahere,</strong></span> <span class='ocrx_word' id='word_1_76' title='bbox 2610 796 2701 829; x_wconf 88' lang='lat' dir='ltr'><strong>uec</strong></span> 
     </span>
     <span class='ocr_line' id='line_1_9' title="bbox 152 860 2703 928; baseline -0.001 -15"><span class='ocrx_word' id='word_1_77' title='bbox 152 864 450 923; x_wconf 83' lang='lat' dir='ltr'><strong>Aristobulo,</strong></span> <span class='ocrx_word' id='word_1_78' title='bbox 487 863 821 928; x_wconf 89' lang='lat' dir='ltr'><strong>antiquissimo</strong></span> <span class='ocrx_word' id='word_1_79' title='bbox 858 862 948 910; x_wconf 89' lang='lat' dir='ltr'><strong>hac</strong></span> <span class='ocrx_word' id='word_1_80' title='bbox 984 862 1032 910; x_wconf 89' lang='lat' dir='ltr'><strong>in</strong></span> <span class='ocrx_word' id='word_1_81' title='bbox 1067 879 1122 910; x_wconf 91' lang='lat' dir='ltr'><strong>re</strong></span> <span class='ocrx_word' id='word_1_82' title='bbox 1156 860 1345 910; x_wconf 90' lang='lat' dir='ltr'><strong>auctori</strong></span> <span class='ocrx_word' id='word_1_83' title='bbox 1381 877 1438 909; x_wconf 88' lang='lat' dir='ltr'><strong>ac</strong></span> <span class='ocrx_word' id='word_1_84' title='bbox 1473 860 1612 920; x_wconf 89' lang='lat' dir='ltr'><strong>testi,</strong></span> <span class='ocrx_word' id='word_1_85' title='bbox 1647 877 1738 909; x_wconf 88' lang='lat' dir='ltr'><strong>nec</strong></span> <span class='ocrx_word' id='word_1_86' title='bbox 1774 860 2050 910; x_wconf 89' lang='lat' dir='ltr'><strong>christianis</strong></span> <span class='ocrx_word' id='word_1_87' title='bbox 2086 860 2419 927; x_wconf 82' lang='lat' dir='ltr'><strong>scriptoribus,</strong></span> <span class='ocrx_word' id='word_1_88' title='bbox 2457 861 2553 925; x_wconf 89' lang='lat' dir='ltr'><strong>qui,</strong></span> <span class='ocrx_word' id='word_1_89' title='bbox 2590 862 2703 912; x_wconf 91' lang='lat' dir='ltr'><strong>licet</strong></span> 
     </span>
     <span class='ocr_line' id='line_1_10' title="bbox 152 943 2700 1010; baseline -0.001 -15"><span class='ocrx_word' id='word_1_90' title='bbox 152 946 358 996; x_wconf 90' lang='lat' dir='ltr'><strong>aliorum</strong></span> <span class='ocrx_word' id='word_1_91' title='bbox 406 947 452 995; x_wconf 93' lang='lat' dir='ltr'><strong>in</strong></span> <span class='ocrx_word' id='word_1_92' title='bbox 500 946 590 995; x_wconf 90' lang='lat' dir='ltr'><strong>hac</strong></span> <span class='ocrx_word' id='word_1_93' title='bbox 635 962 689 994; x_wconf 86' lang='lat' dir='ltr'><strong>re</strong></span> <span class='ocrx_word' id='word_1_94' title='bbox 726 944 966 1010; x_wconf 91' lang='lat' dir='ltr'><strong>judicium</strong></span> <span class='ocrx_word' id='word_1_95' title='bbox 1012 951 1306 1009; x_wconf 88' lang='lat' dir='ltr'><strong>sequantur,</strong></span> <span class='ocrx_word' id='word_1_96' title='bbox 1352 950 1511 992; x_wconf 87' lang='lat' dir='ltr'><strong>tamen</strong></span> <span class='ocrx_word' id='word_1_97' title='bbox 1559 960 1655 992; x_wconf 91' lang='lat' dir='ltr'><strong>non</strong></span> <span class='ocrx_word' id='word_1_98' title='bbox 1702 952 1885 993; x_wconf 90' lang='lat' dir='ltr'><strong>temere</strong></span> <span class='ocrx_word' id='word_1_99' title='bbox 1928 961 2017 993; x_wconf 93' lang='lat' dir='ltr'><strong>nec</strong></span> <span class='ocrx_word' id='word_1_100' title='bbox 2063 944 2169 994; x_wconf 91' lang='lat' dir='ltr'><strong>sine</strong></span> <span class='ocrx_word' id='word_1_101' title='bbox 2205 943 2393 1010; x_wconf 91' lang='lat' dir='ltr'><strong>judicio</strong></span> <span class='ocrx_word' id='word_1_102' title='bbox 2441 943 2561 993; x_wconf 86' lang='lat' dir='ltr'><strong>salsa</strong></span> <span class='ocrx_word' id='word_1_103' title='bbox 2611 961 2700 1010; x_wconf 93' lang='lat' dir='ltr'><strong>pro</strong></span> 
     </span>
     <span class='ocr_line' id='line_1_11' title="bbox 155 1026 1004 1091; baseline -0.001 -16"><span class='ocrx_word' id='word_1_104' title='bbox 155 1029 284 1078; x_wconf 69' lang='lat' dir='ltr'><strong>veris</strong></span> <span class='ocrx_word' id='word_1_105' title='bbox 322 1027 597 1091; x_wconf 88' lang='lat' dir='ltr'><strong>prodidisse</strong></span> <span class='ocrx_word' id='word_1_106' title='bbox 632 1034 750 1075; x_wconf 89' lang='lat' dir='ltr'><strong>sunt</strong></span> <span class='ocrx_word' id='word_1_107' title='bbox 785 1026 1004 1091; x_wconf 87' lang='lat' dir='ltr'><strong>putandi.</strong></span> 
     </span>
    </p>

    <p class='ocr_par' dir='ltr' id='par_1_3' title="bbox 153 1107 2705 2500">
     <span class='ocr_line' id='line_1_12' title="bbox 288 1107 2700 1179; baseline -0 -20"><span class='ocrx_word' id='word_1_108' title='bbox 288 1110 461 1175; x_wconf 85' lang='lat' dir='ltr'><strong>Neque</strong></span> <span class='ocrx_word' id='word_1_109' title='bbox 497 1118 657 1158; x_wconf 84' lang='lat' dir='ltr'><strong>tamen</strong></span> <span class='ocrx_word' id='word_1_110' title='bbox 697 1108 964 1157; x_wconf 78' lang='lat' dir='ltr'><strong>defuerunt</strong></span> <span class='ocrx_word' id='word_1_111' title='bbox 996 1108 1084 1157; x_wconf 85' lang='lat' dir='ltr'><strong>viri</strong></span> <span class='ocrx_word' id='word_1_112' title='bbox 1122 1108 1265 1169; x_wconf 91' lang='lat' dir='ltr'><strong>docti,</strong></span> <span class='ocrx_word' id='word_1_113' title='bbox 1301 1107 1398 1173; x_wconf 88' lang='lat' dir='ltr'><strong>qui,</strong></span> <span class='ocrx_word' id='word_1_114' title='bbox 1436 1107 1581 1157; x_wconf 89' lang='lat' dir='ltr'><strong>variis</strong></span> <span class='ocrx_word' id='word_1_115' title='bbox 1620 1108 1782 1179; x_wconf 79' lang='lat' dir='ltr'><strong>causis</strong></span> <span class='ocrx_word' id='word_1_116' title='bbox 1817 1107 2032 1167; x_wconf 88' lang='lat' dir='ltr'><strong>adducti,</strong></span> <span class='ocrx_word' id='word_1_117' title='bbox 2072 1108 2377 1159; x_wconf 83' lang='lat' dir='ltr'><strong>Demetrium</strong></span> <span class='ocrx_word' id='word_1_118' title='bbox 2410 1107 2700 1158; x_wconf 89' lang='lat' dir='ltr'><strong>Phalereum</strong></span> 
     </span>
     <span class='ocr_line' id='line_1_13' title="bbox 154 1189 2704 1257; baseline -0 -15"><span class='ocrx_word' id='word_1_119' title='bbox 154 1200 428 1242; x_wconf 87' lang='lat' dir='ltr'><strong>curatorem</strong></span> <span class='ocrx_word' id='word_1_120' title='bbox 463 1192 570 1242; x_wconf 84' lang='lat' dir='ltr'><strong>sive</strong></span> <span class='ocrx_word' id='word_1_121' title='bbox 597 1191 898 1257; x_wconf 78' lang='lat' dir='ltr'><strong>praefectum</strong></span> <span class='ocrx_word' id='word_1_122' title='bbox 937 1191 1256 1240; x_wconf 87' lang='lat' dir='ltr'><strong>bibliothecae</strong></span> <span class='ocrx_word' id='word_1_123' title='bbox 1285 1189 1593 1256; x_wconf 84' lang='lat' dir='ltr'><strong>Philadelphi</strong></span> <span class='ocrx_word' id='word_1_124' title='bbox 1630 1189 1779 1240; x_wconf 78' lang='lat' dir='ltr'><strong>fuisse</strong></span> <span class='ocrx_word' id='word_1_125' title='bbox 1809 1198 2060 1254; x_wconf 82' lang='lat' dir='ltr'><strong>negarent.</strong></span> <span class='ocrx_word' id='word_1_126' title='bbox 2137 1190 2350 1240; x_wconf 87' lang='lat' dir='ltr'><strong>Primum</strong></span> <span class='ocrx_word' id='word_1_127' title='bbox 2387 1199 2704 1256; x_wconf 87' lang='lat' dir='ltr'><strong>opponuntur</strong></span> 
     </span>
     <span class='ocr_line' id='line_1_14' title="bbox 154 1271 2702 1339; baseline -0 -15"><span class='ocrx_word' id='word_1_128' title='bbox 154 1275 221 1324; x_wconf 85' lang='lat' dir='ltr'><strong>illi</strong></span> <span class='ocrx_word' id='word_1_129' title='bbox 258 1274 526 1324; x_wconf 81' lang='lat' dir='ltr'><strong>narrationi</strong></span> <span class='ocrx_word' id='word_1_130' title='bbox 573 1273 835 1339; x_wconf 85' lang='lat' dir='ltr'><strong>Hermippi</strong></span> <span class='ocrx_word' id='word_1_131' title='bbox 883 1274 1052 1332; x_wconf 87' lang='lat' dir='ltr'><strong>verba,</strong></span> <span class='ocrx_word' id='word_1_132' title='bbox 1099 1288 1225 1337; x_wconf 86' lang='lat' dir='ltr'><strong>quae</strong></span> <span class='ocrx_word' id='word_1_133' title='bbox 1269 1271 1437 1322; x_wconf 89' lang='lat' dir='ltr'><strong>laudat</strong></span> <span class='ocrx_word' id='word_1_134' title='bbox 1481 1271 1727 1337; x_wconf 81' lang='lat' dir='ltr'><strong>Diogenes</strong></span> <span class='ocrx_word' id='word_1_135' title='bbox 1773 1271 2003 1323; x_wconf 66' lang='lat' dir='ltr'><strong>Laertius</strong></span> <span class='ocrx_word' id='word_1_136' title='bbox 2048 1272 2095 1323; x_wconf 91' lang='lat' dir='ltr'><strong>in</strong></span> <span class='ocrx_word' id='word_1_137' title='bbox 2145 1273 2242 1323; x_wconf 89' lang='lat' dir='ltr'><strong>vita</strong></span> <span class='ocrx_word' id='word_1_138' title='bbox 2289 1272 2526 1323; x_wconf 85' lang='lat' dir='ltr'><strong>Demetrii</strong></span> <span class='ocrx_word' id='word_1_139' title='bbox 2574 1273 2702 1323; x_wconf 89' lang='lat' dir='ltr'><strong>Pha-</strong></span> 
     </span>
     <span class='ocr_line' id='line_1_15' title="bbox 155 1354 2703 1421; baseline -0 -15"><span class='ocrx_word' id='word_1_140' title='bbox 155 1357 270 1406; x_wconf 90' lang='lat' dir='ltr'><strong>lerei</strong></span> <span class='ocrx_word' id='word_1_141' title='bbox 312 1357 367 1406; x_wconf 81' lang='lat' dir='ltr'><strong>V.</strong></span> <span class='ocrx_word' id='word_1_142' title='bbox 404 1356 507 1421; x_wconf 83' lang='lat'><strong>8.¹)</strong></span> <span class='ocrx_word' id='word_1_143' title='bbox 579 1356 752 1406; x_wconf 80' lang='lat' dir='ltr'><strong>Refert</strong></span> <span class='ocrx_word' id='word_1_144' title='bbox 787 1355 913 1405; x_wconf 90' lang='lat' dir='ltr'><strong>enim</strong></span> <span class='ocrx_word' id='word_1_145' title='bbox 951 1354 1230 1419; x_wconf 84' lang='lat' dir='ltr'><strong>Hermippo</strong></span> <span class='ocrx_word' id='word_1_146' title='bbox 1266 1362 1483 1415; x_wconf 86' lang='lat' dir='ltr'><strong>auctore,</strong></span> <span class='ocrx_word' id='word_1_147' title='bbox 1523 1354 1822 1405; x_wconf 89' lang='lat' dir='ltr'><strong>Demetrium</strong></span> <span class='ocrx_word' id='word_1_148' title='bbox 1859 1355 1960 1420; x_wconf 89' lang='lat' dir='ltr'><strong>regi</strong></span> <span class='ocrx_word' id='word_1_149' title='bbox 1998 1371 2246 1406; x_wconf 85' lang='lat' dir='ltr'><strong>suasorem</strong></span> <span class='ocrx_word' id='word_1_150' title='bbox 2285 1355 2450 1416; x_wconf 79' lang='lat' dir='ltr'><strong>fuisse,</strong></span> <span class='ocrx_word' id='word_1_151' title='bbox 2489 1365 2543 1407; x_wconf 91' lang='lat' dir='ltr'><strong>ut</strong></span> <span class='ocrx_word' id='word_1_152' title='bbox 2578 1355 2703 1406; x_wconf 79' lang='lat' dir='ltr'><strong>filio‘s</strong></span> 
     </span>
     <span class='ocr_line' id='line_1_16' title="bbox 156 1437 2704 1504; baseline 0 -15"><span class='ocrx_word' id='word_1_153' title='bbox 156 1456 216 1491; x_wconf 83' lang='lat' dir='ltr'><strong>ex</strong></span> <span class='ocrx_word' id='word_1_154' title='bbox 248 1439 501 1504; x_wconf 77' lang='lat' dir='ltr'><strong>Eurydice</strong></span> <span class='ocrx_word' id='word_1_155' title='bbox 537 1447 678 1489; x_wconf 91' lang='lat' dir='ltr'><strong>natos</strong></span> <span class='ocrx_word' id='word_1_156' title='bbox 715 1438 852 1504; x_wconf 85' lang='lat' dir='ltr'><strong>regni</strong></span> <span class='ocrx_word' id='word_1_157' title='bbox 891 1438 1154 1503; x_wconf 87' lang='lat' dir='ltr'><strong>participes</strong></span> <span class='ocrx_word' id='word_1_158' title='bbox 1183 1437 1383 1491; x_wconf 80' lang='lat' dir='ltr'><strong>faceret.</strong></span> <span class='ocrx_word' id='word_1_159' title='bbox 1451 1437 1566 1487; x_wconf 88' lang='lat' dir='ltr'><strong>Hoc</strong></span> <span class='ocrx_word' id='word_1_160' title='bbox 1601 1437 1854 1488; x_wconf 91' lang='lat' dir='ltr'><strong>consilium</strong></span> <span class='ocrx_word' id='word_1_161' title='bbox 1883 1456 1993 1488; x_wconf 90' lang='lat' dir='ltr'><strong>cum</strong></span> <span class='ocrx_word' id='word_1_162' title='bbox 2023 1456 2110 1488; x_wconf 85' lang='lat' dir='ltr'><strong>rex</strong></span> <span class='ocrx_word' id='word_1_163' title='bbox 2139 1438 2448 1504; x_wconf 88' lang='lat' dir='ltr'><strong>repudiasset</strong></span> <span class='ocrx_word' id='word_1_164' title='bbox 2477 1449 2526 1489; x_wconf 93' lang='lat' dir='ltr'><strong>et</strong></span> <span class='ocrx_word' id='word_1_165' title='bbox 2554 1438 2704 1498; x_wconf 86' lang='lat' dir='ltr'><strong>illum,</strong></span> 
     </span>
     <span class='ocr_line' id='line_1_17' title="bbox 155 1520 2702 1586; baseline -0 -15"><span class='ocrx_word' id='word_1_166' title='bbox 155 1539 300 1586; x_wconf 83' lang='lat' dir='ltr'><strong>quem</strong></span> <span class='ocrx_word' id='word_1_167' title='bbox 330 1539 392 1571; x_wconf 89' lang='lat' dir='ltr'><strong>ex</strong></span> <span class='ocrx_word' id='word_1_168' title='bbox 422 1522 664 1571; x_wconf 84' lang='lat' dir='ltr'><strong>Berenice</strong></span> <span class='ocrx_word' id='word_1_169' title='bbox 697 1529 998 1585; x_wconf 85' lang='lat' dir='ltr'><strong>susceperat,</strong></span> <span class='ocrx_word' id='word_1_170' title='bbox 1035 1520 1169 1584; x_wconf 87' lang='lat' dir='ltr'><strong>regni</strong></span> <span class='ocrx_word' id='word_1_171' title='bbox 1205 1537 1538 1569; x_wconf 89' lang='lat' dir='ltr'><strong>successorem</strong></span> <span class='ocrx_word' id='word_1_172' title='bbox 1571 1520 1920 1580; x_wconf 89' lang='lat' dir='ltr'><strong>constituisset,</strong></span> <span class='ocrx_word' id='word_1_173' title='bbox 1956 1523 2016 1569; x_wconf 92' lang='lat' dir='ltr'><strong>ab</strong></span> <span class='ocrx_word' id='word_1_174' title='bbox 2047 1521 2140 1570; x_wconf 90' lang='lat' dir='ltr'><strong>isto</strong></span> <span class='ocrx_word' id='word_1_175' title='bbox 2171 1531 2283 1586; x_wconf 92' lang='lat' dir='ltr'><strong>post</strong></span> <span class='ocrx_word' id='word_1_176' title='bbox 2318 1523 2469 1585; x_wconf 85' lang='lat' dir='ltr'><strong>patris</strong></span> <span class='ocrx_word' id='word_1_177' title='bbox 2501 1531 2702 1570; x_wconf 91' lang='lat' dir='ltr'><strong>mortem</strong></span> 
     </span>
     <span class='ocr_line' id='line_1_18' title="bbox 155 1603 2702 1669; baseline 0 -17"><span class='ocrx_word' id='word_1_178' title='bbox 155 1605 202 1653; x_wconf 89' lang='lat' dir='ltr'><strong>iu</strong></span> <span class='ocrx_word' id='word_1_179' title='bbox 225 1603 526 1669; x_wconf 79' lang='lat' dir='ltr'><strong>provinciam</strong></span> <span class='ocrx_word' id='word_1_180' title='bbox 565 1604 830 1668; x_wconf 88' lang='lat' dir='ltr'><strong>relegatum</strong></span> <span class='ocrx_word' id='word_1_181' title='bbox 862 1603 913 1651; x_wconf 89' lang='lat' dir='ltr'><strong>in</strong></span> <span class='ocrx_word' id='word_1_182' title='bbox 943 1620 1099 1666; x_wconf 88' lang='lat' dir='ltr'><strong>eaque</strong></span> <span class='ocrx_word' id='word_1_183' title='bbox 1134 1610 1458 1662; x_wconf 86' lang='lat' dir='ltr'><strong>asservatum,</strong></span> <span class='ocrx_word' id='word_1_184' title='bbox 1495 1603 1653 1666; x_wconf 90' lang='lat' dir='ltr'><strong>quoad</strong></span> <span class='ocrx_word' id='word_1_185' title='bbox 1684 1603 1865 1667; x_wconf 85' lang='lat' dir='ltr'><strong>aliquid</strong></span> <span class='ocrx_word' id='word_1_186' title='bbox 1894 1603 1957 1651; x_wconf 92' lang='lat' dir='ltr'><strong>de</strong></span> <span class='ocrx_word' id='word_1_187' title='bbox 1991 1603 2071 1652; x_wconf 88' lang='lat' dir='ltr'><strong>illo</strong></span> <span class='ocrx_word' id='word_1_188' title='bbox 2095 1605 2363 1653; x_wconf 89' lang='lat' dir='ltr'><strong>statuisset.</strong></span> <span class='ocrx_word' id='word_1_189' title='bbox 2433 1604 2534 1652; x_wconf 87' lang='lat' dir='ltr'><strong>Hic</strong></span> <span class='ocrx_word' id='word_1_190' title='bbox 2570 1605 2702 1653; x_wconf 90' lang='lat' dir='ltr'><strong>illum</strong></span> 
     </span>
     <span class='ocr_line' id='line_1_19' title="bbox 154 1684 2704 1753; baseline 0 -19"><span class='ocrx_word' id='word_1_191' title='bbox 154 1696 395 1734; x_wconf 90' lang='lat' dir='ltr'><strong>moestum</strong></span> <span class='ocrx_word' id='word_1_192' title='bbox 440 1685 746 1751; x_wconf 80' lang='lat' dir='ltr'><strong>aegritudine</strong></span> <span class='ocrx_word' id='word_1_193' title='bbox 781 1684 927 1733; x_wconf 88' lang='lat' dir='ltr'><strong>animi</strong></span> <span class='ocrx_word' id='word_1_194' title='bbox 973 1685 1020 1732; x_wconf 93' lang='lat' dir='ltr'><strong>in</strong></span> <span class='ocrx_word' id='word_1_195' title='bbox 1057 1701 1282 1748; x_wconf 88' lang='lat' dir='ltr'><strong>soporem</strong></span> <span class='ocrx_word' id='word_1_196' title='bbox 1322 1685 1509 1748; x_wconf 88' lang='lat' dir='ltr'><strong>lapsum</strong></span> <span class='ocrx_word' id='word_1_197' title='bbox 1558 1701 1719 1732; x_wconf 89' lang='lat' dir='ltr'><strong>morsu</strong></span> <span class='ocrx_word' id='word_1_198' title='bbox 1766 1685 1952 1750; x_wconf 88' lang='lat' dir='ltr'><strong>aspidis</strong></span> <span class='ocrx_word' id='word_1_199' title='bbox 1996 1686 2227 1735; x_wconf 88' lang='lat' dir='ltr'><strong>interiise.</strong></span> <span class='ocrx_word' id='word_1_200' title='bbox 2307 1686 2404 1735; x_wconf 87' lang='lat' dir='ltr'><strong>His</strong></span> <span class='ocrx_word' id='word_1_201' title='bbox 2443 1687 2704 1753; x_wconf 87' lang='lat' dir='ltr'><strong>Hermippi</strong></span> 
     </span>
     <span class='ocr_line' id='line_1_20' title="bbox 155 1767 2704 1834; baseline 0 -16"><span class='ocrx_word' id='word_1_202' title='bbox 155 1770 318 1819; x_wconf 84' lang='lat' dir='ltr'><strong>verbis</strong></span> <span class='ocrx_word' id='word_1_203' title='bbox 355 1769 492 1818; x_wconf 89' lang='lat' dir='ltr'><strong>nisus</strong></span> <span class='ocrx_word' id='word_1_204' title='bbox 529 1768 703 1819; x_wconf 86' lang='lat' dir='ltr'><strong>statuit</strong></span> <span class='ocrx_word' id='word_1_205' title='bbox 739 1768 1018 1834; x_wconf 87' lang='lat' dir='ltr'><strong>Scaligerus</strong></span> <span class='ocrx_word' id='word_1_206' title='bbox 1053 1767 1100 1816; x_wconf 89' lang='lat' dir='ltr'><strong>in</strong></span> <span class='ocrx_word' id='word_1_207' title='bbox 1138 1767 1460 1817; x_wconf 77' lang='lat' dir='ltr'><strong>animadvers.</strong></span> <span class='ocrx_word' id='word_1_208' title='bbox 1495 1767 1541 1816; x_wconf 90' lang='lat' dir='ltr'><strong>iu</strong></span> <span class='ocrx_word' id='word_1_209' title='bbox 1573 1767 1751 1818; x_wconf 80' lang='lat' dir='ltr'><strong>Euseb.</strong></span> <span class='ocrx_word' id='word_1_210' title='bbox 1782 1767 2022 1829; x_wconf 68' lang='lat' dir='ltr'><strong>chronic„</strong></span> <span class='ocrx_word' id='word_1_211' title='bbox 2061 1769 2361 1819; x_wconf 90' lang='lat' dir='ltr'><strong>Demetrium</strong></span> <span class='ocrx_word' id='word_1_212' title='bbox 2398 1770 2704 1831; x_wconf 85' lang='lat' dir='ltr'><strong>Phalereum,</strong></span> 
     </span>
     <span class='ocr_line' id='line_1_21' title="bbox 156 1850 2703 1919; baseline 0 -17"><span class='ocrx_word' id='word_1_213' title='bbox 156 1870 266 1903; x_wconf 90' lang='lat' dir='ltr'><strong>cum</strong></span> <span class='ocrx_word' id='word_1_214' title='bbox 305 1853 469 1902; x_wconf 87' lang='lat' dir='ltr'><strong>statim</strong></span> <span class='ocrx_word' id='word_1_215' title='bbox 506 1854 567 1902; x_wconf 93' lang='lat' dir='ltr'><strong>ab</strong></span> <span class='ocrx_word' id='word_1_216' title='bbox 603 1852 739 1901; x_wconf 90' lang='lat' dir='ltr'><strong>initio</strong></span> <span class='ocrx_word' id='word_1_217' title='bbox 776 1851 909 1916; x_wconf 79' lang='lat' dir='ltr'><strong>regni</strong></span> <span class='ocrx_word' id='word_1_218' title='bbox 949 1851 1258 1916; x_wconf 87' lang='lat' dir='ltr'><strong>Philadelphi</strong></span> <span class='ocrx_word' id='word_1_219' title='bbox 1295 1850 1517 1916; x_wconf 90' lang='lat' dir='ltr'><strong>perierit,</strong></span> <span class='ocrx_word' id='word_1_220' title='bbox 1567 1860 1616 1900; x_wconf 91' lang='lat' dir='ltr'><strong>et</strong></span> <span class='ocrx_word' id='word_1_221' title='bbox 1652 1850 1864 1901; x_wconf 86' lang='lat' dir='ltr'><strong>maximo</strong></span> <span class='ocrx_word' id='word_1_222' title='bbox 1900 1852 1949 1901; x_wconf 91' lang='lat' dir='ltr'><strong>in</strong></span> <span class='ocrx_word' id='word_1_223' title='bbox 1988 1852 2100 1901; x_wconf 92' lang='lat' dir='ltr'><strong>odio</strong></span> <span class='ocrx_word' id='word_1_224' title='bbox 2136 1854 2179 1901; x_wconf 93' lang='lat' dir='ltr'><strong>ei</strong></span> <span class='ocrx_word' id='word_1_225' title='bbox 2217 1869 2412 1919; x_wconf 90' lang='lat' dir='ltr'><strong>semper</strong></span> <span class='ocrx_word' id='word_1_226' title='bbox 2456 1855 2548 1903; x_wconf 91' lang='lat' dir='ltr'><strong>sub</strong></span> <span class='ocrx_word' id='word_1_227' title='bbox 2585 1854 2703 1903; x_wconf 86' lang='lat' dir='ltr'><strong>Pto-</strong></span> 
     </span>
     <span class='ocr_line' id='line_1_22' title="bbox 154 1933 2703 1999; baseline 0 -14"><span class='ocrx_word' id='word_1_228' title='bbox 154 1937 341 1986; x_wconf 88' lang='lat' dir='ltr'><strong>lemaeo</strong></span> <span class='ocrx_word' id='word_1_229' title='bbox 377 1935 500 1999; x_wconf 84' lang='lat' dir='ltr'><strong>Lagi</strong></span> <span class='ocrx_word' id='word_1_230' title='bbox 538 1934 699 1994; x_wconf 81' lang='lat' dir='ltr'><strong>suerit,</strong></span> <span class='ocrx_word' id='word_1_231' title='bbox 734 1944 1007 1982; x_wconf 87' lang='lat' dir='ltr'><strong>curatorem</strong></span> <span class='ocrx_word' id='word_1_232' title='bbox 1046 1933 1365 1982; x_wconf 88' lang='lat' dir='ltr'><strong>bibliothecae</strong></span> <span class='ocrx_word' id='word_1_233' title='bbox 1402 1933 1709 1998; x_wconf 88' lang='lat' dir='ltr'><strong>Philadelphi</strong></span> <span class='ocrx_word' id='word_1_234' title='bbox 1745 1950 1840 1982; x_wconf 92' lang='lat' dir='ltr'><strong>non</strong></span> <span class='ocrx_word' id='word_1_235' title='bbox 1876 1934 2044 1984; x_wconf 80' lang='lat' dir='ltr'><strong>fuisse.</strong></span> <span class='ocrx_word' id='word_1_236' title='bbox 2115 1935 2314 1999; x_wconf 90' lang='lat' dir='ltr'><strong>Optime</strong></span> <span class='ocrx_word' id='word_1_237' title='bbox 2349 1943 2511 1984; x_wconf 88' lang='lat' dir='ltr'><strong>autem</strong></span> <span class='ocrx_word' id='word_1_238' title='bbox 2548 1937 2703 1986; x_wconf 89' lang='lat' dir='ltr'><strong>Scali-</strong></span> 
     </span>
     <span class='ocr_line' id='line_1_23' title="bbox 153 2014 2702 2084; baseline 0.001 -18"><span class='ocrx_word' id='word_1_239' title='bbox 153 2034 323 2083; x_wconf 88' lang='lat' dir='ltr'><strong>gerum</strong></span> <span class='ocrx_word' id='word_1_240' title='bbox 371 2016 550 2067; x_wconf 79' lang='lat' dir='ltr'><strong>resellit</strong></span> <span class='ocrx_word' id='word_1_241' title='bbox 599 2032 656 2065; x_wconf 86' lang='lat' dir='ltr'><strong>ac</strong></span> <span class='ocrx_word' id='word_1_242' title='bbox 700 2015 954 2079; x_wconf 88' lang='lat' dir='ltr'><strong>redarguit</strong></span> <span class='ocrx_word' id='word_1_243' title='bbox 992 2014 1093 2080; x_wconf 87' lang='lat' dir='ltr'><strong>jam</strong></span> <span class='ocrx_word' id='word_1_244' title='bbox 1146 2014 1458 2064; x_wconf 83' lang='lat' dir='ltr'><strong>Valckenaer.</strong></span> <span class='ocrx_word' id='word_1_245' title='bbox 1508 2016 1555 2065; x_wconf 90' lang='lat' dir='ltr'><strong>in</strong></span> <span class='ocrx_word' id='word_1_246' title='bbox 1611 2016 1818 2065; x_wconf 88' lang='lat' dir='ltr'><strong>diatribe</strong></span> <span class='ocrx_word' id='word_1_247' title='bbox 1864 2016 1927 2065; x_wconf 91' lang='lat' dir='ltr'><strong>de</strong></span> <span class='ocrx_word' id='word_1_248' title='bbox 1972 2017 2255 2066; x_wconf 88' lang='lat' dir='ltr'><strong>Aristobulo</strong></span> <span class='ocrx_word' id='word_1_249' title='bbox 2300 2018 2491 2067; x_wconf 74' lang='lat' dir='ltr'><strong>Judaeo</strong></span> <span class='ocrx_word' id='word_1_250' title='bbox 2537 2036 2584 2084; x_wconf 88' lang='lat' dir='ltr'><strong>p.</strong></span> <span class='ocrx_word' id='word_1_251' title='bbox 2623 2020 2702 2068; x_wconf 83' lang='lat'><strong>53.</strong></span> 
     </span>
     <span class='ocr_line' id='line_1_24' title="bbox 155 2096 2705 2161; baseline 0.001 -13"><span class='ocrx_word' id='word_1_252' title='bbox 155 2100 335 2161; x_wconf 80' lang='lat' dir='ltr'><strong>„Nullo</strong></span> <span class='ocrx_word' id='word_1_253' title='bbox 372 2106 501 2148; x_wconf 88' lang='lat' dir='ltr'><strong>teste</strong></span> <span class='ocrx_word' id='word_1_254' title='bbox 535 2106 758 2147; x_wconf 89' lang='lat' dir='ltr'><strong>constare</strong></span> <span class='ocrx_word' id='word_1_255' title='bbox 795 2097 1005 2157; x_wconf 81' lang='lat' dir='ltr'><strong>videtur,</strong></span> <span class='ocrx_word' id='word_1_256' title='bbox 1045 2096 1346 2145; x_wconf 89' lang='lat' dir='ltr'><strong>Demetrium</strong></span> <span class='ocrx_word' id='word_1_257' title='bbox 1384 2096 1595 2147; x_wconf 86' lang='lat' dir='ltr'><strong>maximo</strong></span> <span class='ocrx_word' id='word_1_258' title='bbox 1630 2097 1678 2147; x_wconf 90' lang='lat' dir='ltr'><strong>in</strong></span> <span class='ocrx_word' id='word_1_259' title='bbox 1714 2097 1827 2148; x_wconf 89' lang='lat' dir='ltr'><strong>odio</strong></span> <span class='ocrx_word' id='word_1_260' title='bbox 1860 2099 2136 2148; x_wconf 90' lang='lat' dir='ltr'><strong>Ptolemaeo</strong></span> <span class='ocrx_word' id='word_1_261' title='bbox 2171 2100 2268 2149; x_wconf 84' lang='lat' dir='ltr'><strong>filio</strong></span> <span class='ocrx_word' id='word_1_262' title='bbox 2303 2102 2393 2150; x_wconf 91' lang='lat' dir='ltr'><strong>sub</strong></span> <span class='ocrx_word' id='word_1_263' title='bbox 2426 2101 2705 2150; x_wconf 90' lang='lat' dir='ltr'><strong>Ptolemaeo</strong></span> 
     </span>
     <span class='ocr_line' id='line_1_25' title="bbox 157 2179 2704 2250; baseline 0.001 -19"><span class='ocrx_word' id='word_1_264' title='bbox 157 2181 280 2246; x_wconf 87' lang='lat' dir='ltr'><strong>Lagi</strong></span> <span class='ocrx_word' id='word_1_265' title='bbox 320 2189 457 2247; x_wconf 86' lang='lat' dir='ltr'><strong>patre</strong></span> <span class='ocrx_word' id='word_1_266' title='bbox 490 2197 685 2246; x_wconf 87' lang='lat' dir='ltr'><strong>semper</strong></span> <span class='ocrx_word' id='word_1_267' title='bbox 721 2179 889 2229; x_wconf 84' lang='lat' dir='ltr'><strong>l&#39;uisse.</strong></span> <span class='ocrx_word' id='word_1_268' title='bbox 960 2179 1268 2245; x_wconf 80' lang='lat' dir='ltr'><strong>Quacunque</strong></span> <span class='ocrx_word' id='word_1_269' title='bbox 1305 2180 1501 2228; x_wconf 91' lang='lat' dir='ltr'><strong>taudem</strong></span> <span class='ocrx_word' id='word_1_270' title='bbox 1541 2180 1603 2229; x_wconf 92' lang='lat' dir='ltr'><strong>de</strong></span> <span class='ocrx_word' id='word_1_271' title='bbox 1638 2198 1785 2230; x_wconf 89' lang='lat' dir='ltr'><strong>causa</strong></span> <span class='ocrx_word' id='word_1_272' title='bbox 1823 2198 1997 2230; x_wconf 86' lang='lat' dir='ltr'><strong>suasor</strong></span> <span class='ocrx_word' id='word_1_273' title='bbox 2031 2183 2186 2231; x_wconf 90' lang='lat' dir='ltr'><strong>amico</strong></span> <span class='ocrx_word' id='word_1_274' title='bbox 2216 2182 2368 2233; x_wconf 85' lang='lat' dir='ltr'><strong>fuisse</strong></span> <span class='ocrx_word' id='word_1_275' title='bbox 2406 2183 2704 2250; x_wconf 86' lang='lat' dir='ltr'><strong>perhibetur,</strong></span> 
     </span>
     <span class='ocr_line' id='line_1_26' title="bbox 154 2263 2702 2333; baseline 0.001 -18"><span class='ocrx_word' id='word_1_276' title='bbox 154 2281 219 2315; x_wconf 81' lang='lat' dir='ltr'><strong>ex</strong></span> <span class='ocrx_word' id='word_1_277' title='bbox 260 2264 512 2330; x_wconf 80' lang='lat' dir='ltr'><strong>Eurydice</strong></span> <span class='ocrx_word' id='word_1_278' title='bbox 549 2263 712 2330; x_wconf 90' lang='lat' dir='ltr'><strong>potius</strong></span> <span class='ocrx_word' id='word_1_279' title='bbox 748 2280 892 2328; x_wconf 88' lang='lat' dir='ltr'><strong>quam</strong></span> <span class='ocrx_word' id='word_1_280' title='bbox 931 2263 1172 2312; x_wconf 87' lang='lat' dir='ltr'><strong>Berenice</strong></span> <span class='ocrx_word' id='word_1_281' title='bbox 1216 2270 1382 2312; x_wconf 90' lang='lat' dir='ltr'><strong>natum</strong></span> <span class='ocrx_word' id='word_1_282' title='bbox 1429 2264 1563 2329; x_wconf 88' lang='lat' dir='ltr'><strong>regni</strong></span> <span class='ocrx_word' id='word_1_283' title='bbox 1602 2264 1829 2313; x_wconf 89' lang='lat' dir='ltr'><strong>heredem</strong></span> <span class='ocrx_word' id='word_1_284' title='bbox 1868 2265 2170 2331; x_wconf 86' lang='lat' dir='ltr'><strong>designaret,</strong></span> <span class='ocrx_word' id='word_1_285' title='bbox 2218 2267 2433 2333; x_wconf 84' lang='lat' dir='ltr'><strong>Lagidae</strong></span> <span class='ocrx_word' id='word_1_286' title='bbox 2469 2284 2569 2317; x_wconf 90' lang='lat' dir='ltr'><strong>rem</strong></span> <span class='ocrx_word' id='word_1_287' title='bbox 2608 2284 2702 2317; x_wconf 91' lang='lat' dir='ltr'><strong>non</strong></span> 
     </span>
     <span class='ocr_line' id='line_1_27' title="bbox 158 2346 2703 2415; baseline 0.001 -18"><span class='ocrx_word' id='word_1_288' title='bbox 158 2348 353 2397; x_wconf 87' lang='lat' dir='ltr'><strong>videtur</strong></span> <span class='ocrx_word' id='word_1_289' title='bbox 388 2347 695 2413; x_wconf 88' lang='lat' dir='ltr'><strong>persuasisse</strong></span> <span class='ocrx_word' id='word_1_290' title='bbox 733 2346 1042 2395; x_wconf 78' lang='lat' dir='ltr'><strong>Demetrius:</strong></span> <span class='ocrx_word' id='word_1_291' title='bbox 1079 2346 1209 2395; x_wconf 90' lang='lat' dir='ltr'><strong>hunc</strong></span> <span class='ocrx_word' id='word_1_292' title='bbox 1255 2346 1380 2394; x_wconf 90' lang='lat' dir='ltr'><strong>enim</strong></span> <span class='ocrx_word' id='word_1_293' title='bbox 1419 2347 1510 2395; x_wconf 90' lang='lat' dir='ltr'><strong>sibi</strong></span> <span class='ocrx_word' id='word_1_294' title='bbox 1549 2355 1689 2412; x_wconf 83' lang='lat' dir='ltr'><strong>pater</strong></span> <span class='ocrx_word' id='word_1_295' title='bbox 1726 2347 1941 2409; x_wconf 89' lang='lat' dir='ltr'><strong>biennio,</strong></span> <span class='ocrx_word' id='word_1_296' title='bbox 1976 2356 2232 2415; x_wconf 86' lang='lat' dir='ltr'><strong>antequam</strong></span> <span class='ocrx_word' id='word_1_297' title='bbox 2272 2359 2566 2412; x_wconf 87' lang='lat' dir='ltr'><strong>moreretur,</strong></span> <span class='ocrx_word' id='word_1_298' title='bbox 2602 2351 2703 2400; x_wconf 92' lang='lat' dir='ltr'><strong>col-</strong></span> 
     </span>
     <span class='ocr_line' id='line_1_28' title="bbox 155 2426 2703 2500; baseline 0 -18"><span class='ocrx_word' id='word_1_299' title='bbox 155 2433 312 2498; x_wconf 90' lang='lat' dir='ltr'><strong>legam</strong></span> <span class='ocrx_word' id='word_1_300' title='bbox 350 2430 560 2480; x_wconf 79' lang='lat' dir='ltr'><strong>adscivit</strong></span> <span class='ocrx_word' id='word_1_301' title='bbox 605 2429 651 2478; x_wconf 91' lang='lat' dir='ltr'><strong>in</strong></span> <span class='ocrx_word' id='word_1_302' title='bbox 697 2428 1082 2479; x_wconf 88' lang='lat' dir='ltr'><strong>administrando</strong></span> <span class='ocrx_word' id='word_1_303' title='bbox 1120 2435 1329 2494; x_wconf 78' lang='lat' dir='ltr'><strong>regno.2)</strong></span> <span class='ocrx_word' id='word_1_304' title='bbox 1412 2430 1542 2479; x_wconf 79' lang='lat' dir='ltr'><strong>Tum</strong></span> <span class='ocrx_word' id='word_1_305' title='bbox 1591 2446 1744 2496; x_wconf 87' lang='lat' dir='ltr'><strong>paene</strong></span> <span class='ocrx_word' id='word_1_306' title='bbox 1780 2430 2068 2481; x_wconf 88' lang='lat' dir='ltr'><strong>decennium</strong></span> <span class='ocrx_word' id='word_1_307' title='bbox 2106 2432 2152 2481; x_wconf 91' lang='lat' dir='ltr'><strong>in</strong></span> <span class='ocrx_word' id='word_1_308' title='bbox 2192 2426 2420 2499; x_wconf 80' lang='lat' dir='ltr'><strong>Aegypto</strong></span> <span class='ocrx_word' id='word_1_309' title='bbox 2448 2431 2547 2500; x_wconf 85' lang='lat' dir='ltr'><strong>jam</strong></span> <span class='ocrx_word' id='word_1_310' title='bbox 2586 2450 2703 2483; x_wconf 88' lang='lat' dir='ltr'><strong>exe-</strong></span> 
     </span>
    </p>
   </div>
   <div class='ocr_carea' id='block_1_3' title="bbox 216 2603 2706 3263">
    <p class='ocr_par' dir='ltr' id='par_1_4' title="bbox 216 2603 2706 3101">
     <span class='ocr_line' id='line_1_29' title="bbox 216 2603 2704 2663; baseline 0 -15"><span class='ocrx_word' id='word_1_311' title='bbox 216 2606 251 2657; x_wconf 83' lang='lat'><strong>¹)</strong></span> <span class='ocrx_word' id='word_1_312' title='bbox 286 2611 404 2661; x_wconf 74' lang='lat' dir='ltr'><strong>Diog.</strong></span> <span class='ocrx_word' id='word_1_313' title='bbox 436 2609 567 2652; x_wconf 76' lang='lat' dir='ltr'><strong>La6rt.</strong></span> <span class='ocrx_word' id='word_1_314' title='bbox 603 2608 645 2649; x_wconf 86' lang='lat' dir='ltr'><strong>V.</strong></span> <span class='ocrx_word' id='word_1_315' title='bbox 677 2608 716 2650; x_wconf 85' lang='lat'><strong>8.</strong></span> <span class='ocrx_word' id='word_1_316' title='bbox 759 2610 853 2658; x_wconf 63' lang='grc' dir='ltr'><strong><em>φησι</em></strong></span> <span class='ocrx_word' id='word_1_317' title='bbox 881 2608 917 2645; x_wconf 80' lang='grc' dir='ltr'><strong>δ’</strong></span> <span class='ocrx_word' id='word_1_318' title='bbox 959 2603 1081 2647; x_wconf 77' lang='grc' dir='ltr'><strong><em>αὐτὸν</em></strong></span> <span class='ocrx_word' id='word_1_319' title='bbox 1111 2603 1321 2659; x_wconf 81' lang='grc' dir='ltr'><strong><em>Ἕρμιππος</em></strong></span> <span class='ocrx_word' id='word_1_320' title='bbox 1355 2605 1455 2657; x_wconf 78' lang='grc' dir='ltr'><strong><em>μετὰ</em></strong></span> <span class='ocrx_word' id='word_1_321' title='bbox 1485 2606 1553 2648; x_wconf 81' lang='grc' dir='ltr'><strong><em>τὸν</em></strong></span> <span class='ocrx_word' id='word_1_322' title='bbox 1581 2605 1847 2660; x_wconf 72' lang='grc' dir='ltr'><strong><em>Κασσάνδρου</em></strong></span> <span class='ocrx_word' id='word_1_323' title='bbox 1878 2604 2055 2649; x_wconf 78' lang='grc' dir='ltr'><strong><em>θάνατον</em></strong></span> <span class='ocrx_word' id='word_1_324' title='bbox 2096 2609 2328 2662; x_wconf 71' lang='grc' dir='ltr'><strong><em>φοβηθέντα</em></strong></span> <span class='ocrx_word' id='word_1_325' title='bbox 2354 2608 2567 2663; x_wconf 79' lang='grc' dir='ltr'><strong><em>Ἀντίγονον</em></strong></span> <span class='ocrx_word' id='word_1_326' title='bbox 2594 2611 2704 2662; x_wconf 79' lang='grc' dir='ltr'><strong><em>παρὰ</em></strong></span> 
     </span>
     <span class='ocr_line' id='line_1_30' title="bbox 290 2675 2704 2739; baseline 0.004 -21"><span class='ocrx_word' id='word_1_327' title='bbox 290 2678 538 2729; x_wconf 78' lang='grc' dir='ltr'><strong><em>Πτολεμαῖον</em></strong></span> <span class='ocrx_word' id='word_1_328' title='bbox 565 2677 693 2717; x_wconf 76' lang='grc' dir='ltr'><strong><em>ἐλθεῖν</em></strong></span> <span class='ocrx_word' id='word_1_329' title='bbox 728 2675 797 2717; x_wconf 79' lang='grc' dir='ltr'><strong><em>τὸν</em></strong></span> <span class='ocrx_word' id='word_1_330' title='bbox 824 2678 1010 2730; x_wconf 82' lang='grc' dir='ltr'><strong><em>Σωτῆρα·</em></strong></span> <span class='ocrx_word' id='word_1_331' title='bbox 1050 2676 1161 2717; x_wconf 69' lang='lat' dir='ltr'><strong>noina*</strong></span> <span class='ocrx_word' id='word_1_332' title='bbox 1195 2676 1331 2731; x_wconf 83' lang='grc' dir='ltr'><strong><em>χρόνον</em></strong></span> <span class='ocrx_word' id='word_1_333' title='bbox 1369 2677 1498 2719; x_wconf 83' lang='grc' dir='ltr'><strong><em>ἱκανὸν</em></strong></span> <span class='ocrx_word' id='word_1_334' title='bbox 1535 2679 1784 2731; x_wconf 71' lang='grc' dir='ltr'><strong><em>διατρίβοντα</em></strong></span> <span class='ocrx_word' id='word_1_335' title='bbox 1826 2678 2095 2732; x_wconf 74' lang='grc' dir='ltr'><strong><em>συμβουλεύειν</em></strong></span> <span class='ocrx_word' id='word_1_336' title='bbox 2131 2685 2188 2730; x_wconf 76' lang='grc' dir='ltr'><strong><em>τῷ</em></strong></span> <span class='ocrx_word' id='word_1_337' title='bbox 2220 2683 2454 2732; x_wconf 76' lang='grc' dir='ltr'><strong><em>Πτολεμαίῳ</em></strong></span> <span class='ocrx_word' id='word_1_338' title='bbox 2490 2686 2589 2739; x_wconf 79' lang='grc' dir='ltr'><strong><em>πρὸς</em></strong></span> <span class='ocrx_word' id='word_1_339' title='bbox 2625 2693 2704 2732; x_wconf 70' lang='grc' dir='ltr'><strong><em>τοῖς</em></strong></span> 
     </span>
     <span class='ocr_line' id='line_1_31' title="bbox 289 2746 2703 2811; baseline 0.005 -21"><span class='ocrx_word' id='word_1_340' title='bbox 289 2746 420 2797; x_wconf 76' lang='grc' dir='ltr'><strong><em>ἄλλοις</em></strong></span> <span class='ocrx_word' id='word_1_341' title='bbox 455 2752 521 2790; x_wconf 76' lang='grc' dir='ltr'><strong><em>καὶ</em></strong></span> <span class='ocrx_word' id='word_1_342' title='bbox 559 2747 632 2801; x_wconf 79' lang='grc' dir='ltr'><strong><em>τὴν</em></strong></span> <span class='ocrx_word' id='word_1_343' title='bbox 666 2748 863 2802; x_wconf 79' lang='grc' dir='ltr'><strong><em>βασιλείαν</em></strong></span> <span class='ocrx_word' id='word_1_344' title='bbox 898 2756 977 2795; x_wconf 81' lang='grc' dir='ltr'><strong><em>τοῖς</em></strong></span> <span class='ocrx_word' id='word_1_345' title='bbox 1016 2748 1055 2798; x_wconf 75' lang='grc' dir='ltr'><strong>ἐξ</strong></span> <span class='ocrx_word' id='word_1_346' title='bbox 1084 2748 1287 2803; x_wconf 77' lang='grc' dir='ltr'><strong><em>Εὖριδίκης</em></strong></span> <span class='ocrx_word' id='word_1_347' title='bbox 1315 2755 1526 2804; x_wconf 75' lang='grc' dir='ltr'><strong><em>περιθεῖναι</em></strong></span> <span class='ocrx_word' id='word_1_348' title='bbox 1563 2752 1691 2791; x_wconf 82' lang='grc' dir='ltr'><strong><em>παισί·</em></strong></span> <span class='ocrx_word' id='word_1_349' title='bbox 1728 2753 1798 2792; x_wconf 83' lang='grc' dir='ltr'><strong><em>τοῦ</em></strong></span> <span class='ocrx_word' id='word_1_350' title='bbox 1829 2753 1872 2792; x_wconf 76' lang='grc' dir='ltr'><strong>δὲ</strong></span> <span class='ocrx_word' id='word_1_351' title='bbox 1904 2751 1950 2792; x_wconf 77' lang='grc' dir='ltr'><strong>οὐ</strong></span> <span class='ocrx_word' id='word_1_352' title='bbox 1979 2757 2218 2804; x_wconf 70' lang='grc' dir='ltr'><strong><em>πεισθέντος,</em></strong></span> <span class='ocrx_word' id='word_1_353' title='bbox 2254 2755 2354 2797; x_wconf 74' lang='grc' dir='ltr'><strong>ἀλλὰ</strong></span> <span class='ocrx_word' id='word_1_354' title='bbox 2383 2758 2629 2811; x_wconf 83' lang='grc' dir='ltr'><strong><em>παραδόντος</em></strong></span> <span class='ocrx_word' id='word_1_355' title='bbox 2657 2776 2703 2802; x_wconf 78' lang='grc' dir='ltr'><strong><em>το</em></strong></span> 
     </span>
     <span class='ocr_line' id='line_1_32' title="bbox 290 2818 2703 2886; baseline 0.005 -25"><span class='ocrx_word' id='word_1_356' title='bbox 290 2818 463 2873; x_wconf 77' lang='grc' dir='ltr'><strong><em>διάδημα</em></strong></span> <span class='ocrx_word' id='word_1_357' title='bbox 489 2821 551 2870; x_wconf 75' lang='grc' dir='ltr'><strong><em>τῷ</em></strong></span> <span class='ocrx_word' id='word_1_358' title='bbox 578 2825 618 2862; x_wconf 77' lang='grc' dir='ltr'><strong>ἐκ</strong></span> <span class='ocrx_word' id='word_1_359' title='bbox 648 2821 878 2874; x_wconf 69' lang='grc' dir='ltr'><strong><em>Βερενίκης,</em></strong></span> <span class='ocrx_word' id='word_1_360' title='bbox 920 2820 1017 2872; x_wconf 82' lang='grc' dir='ltr'><strong><em>μετὰ</em></strong></span> <span class='ocrx_word' id='word_1_361' title='bbox 1055 2820 1126 2873; x_wconf 84' lang='grc' dir='ltr'><strong><em>τὴν</em></strong></span> <span class='ocrx_word' id='word_1_362' title='bbox 1155 2823 1290 2863; x_wconf 76' lang='grc' dir='ltr'><strong><em>ἐκείνου</em></strong></span> <span class='ocrx_word' id='word_1_363' title='bbox 1320 2822 1497 2875; x_wconf 74' lang='grc' dir='ltr'><strong><em>τελευτὴν</em></strong></span> <span class='ocrx_word' id='word_1_364' title='bbox 1526 2822 1744 2875; x_wconf 78' lang='grc' dir='ltr'><strong><em>ἀξιωθῆναι</em></strong></span> <span class='ocrx_word' id='word_1_365' title='bbox 1783 2823 1883 2877; x_wconf 84' lang='grc' dir='ltr'><strong><em>πρὸς</em></strong></span> <span class='ocrx_word' id='word_1_366' title='bbox 1918 2822 2058 2866; x_wconf 81' lang='grc' dir='ltr'><strong><em>τούτου</em></strong></span> <span class='ocrx_word' id='word_1_367' title='bbox 2087 2826 2469 2882; x_wconf 77' lang='grc' dir='ltr'><strong><em>παραφυλάττεσθαι</em></strong></span> <span class='ocrx_word' id='word_1_368' title='bbox 2499 2835 2548 2885; x_wconf 86' lang='grc' dir='ltr'><strong><em>τῇ</em></strong></span> <span class='ocrx_word' id='word_1_369' title='bbox 2580 2830 2703 2886; x_wconf 75' lang='grc' dir='ltr'><strong><em>χώρᾳ,</em></strong></span> 
     </span>
     <span class='ocr_line' id='line_1_33' title="bbox 289 2891 2706 2960; baseline 0.005 -27"><span class='ocrx_word' id='word_1_370' title='bbox 289 2896 400 2947; x_wconf 69' lang='grc' dir='ltr'><strong><em>μέχρι</em></strong></span> <span class='ocrx_word' id='word_1_371' title='bbox 437 2908 475 2934; x_wconf 80' lang='grc' dir='ltr'><strong><em>τι</em></strong></span> <span class='ocrx_word' id='word_1_372' title='bbox 511 2891 612 2943; x_wconf 76' lang='grc' dir='ltr'><strong><em>δόξει</em></strong></span> <span class='ocrx_word' id='word_1_373' title='bbox 650 2897 736 2947; x_wconf 75' lang='grc' dir='ltr'><strong><em>περὶ</em></strong></span> <span class='ocrx_word' id='word_1_374' title='bbox 768 2892 911 2934; x_wconf 76' lang='grc' dir='ltr'><strong><em>αὐτοῦ·</em></strong></span> <span class='ocrx_word' id='word_1_375' title='bbox 940 2894 1114 2935; x_wconf 74' lang='grc' dir='ltr'><strong><em>ἐνταῦθα</em></strong></span> <span class='ocrx_word' id='word_1_376' title='bbox 1144 2893 1394 2948; x_wconf 81' lang='grc' dir='ltr'><strong><em>ἀθυμότερον</em></strong></span> <span class='ocrx_word' id='word_1_377' title='bbox 1423 2896 1545 2950; x_wconf 78' lang='grc' dir='ltr'><strong><em>διῆγε·</em></strong></span> <span class='ocrx_word' id='word_1_378' title='bbox 1577 2897 1645 2936; x_wconf 81' lang='grc' dir='ltr'><strong>καί</strong></span> <span class='ocrx_word' id='word_1_379' title='bbox 1669 2911 1755 2943; x_wconf 88' lang='grc' dir='ltr'><strong>πως</strong></span> <span class='ocrx_word' id='word_1_380' title='bbox 1784 2895 1996 2938; x_wconf 74' lang='grc' dir='ltr'><strong><em>ὑπνώττων</em></strong></span> <span class='ocrx_word' id='word_1_381' title='bbox 2025 2898 2092 2938; x_wconf 82' lang='grc' dir='ltr'><strong>ὑπ’</strong></span> <span class='ocrx_word' id='word_1_382' title='bbox 2122 2899 2287 2957; x_wconf 77' lang='grc' dir='ltr'><strong><em>ἀσπίδος</em></strong></span> <span class='ocrx_word' id='word_1_383' title='bbox 2316 2900 2386 2954; x_wconf 79' lang='grc' dir='ltr'><strong>τήν</strong></span> <span class='ocrx_word' id='word_1_384' title='bbox 2412 2910 2518 2957; x_wconf 80' lang='grc' dir='ltr'><strong><em>χεῖρα</em></strong></span> <span class='ocrx_word' id='word_1_385' title='bbox 2547 2906 2706 2960; x_wconf 68' lang='grc' dir='ltr'><strong><em>δηχθεὶς</em></strong></span> 
     </span>
     <span class='ocr_line' id='line_1_34' title="bbox 289 2963 2703 3032; baseline 0.005 -25"><span class='ocrx_word' id='word_1_386' title='bbox 289 2965 360 3009; x_wconf 80' lang='grc' dir='ltr'><strong><em>τὸν</em></strong></span> <span class='ocrx_word' id='word_1_387' title='bbox 385 2963 472 3021; x_wconf 77' lang='grc' dir='ltr'><strong><em>βίον</em></strong></span> <span class='ocrx_word' id='word_1_388' title='bbox 493 2969 685 3020; x_wconf 71' lang='grc' dir='ltr'><strong><em>μετέθηκε</em></strong></span> <span class='ocrx_word' id='word_1_389' title='bbox 716 2990 773 2997; x_wconf 89' lang='lat'><strong>-—</strong></span> <span class='ocrx_word' id='word_1_390' title='bbox 802 2963 1052 3021; x_wconf 70' lang='grc' dir='ltr'><strong><em>Ἡρακλείδης</em></strong></span> <span class='ocrx_word' id='word_1_391' title='bbox 1089 2969 1123 3008; x_wconf 82' lang='grc' dir='ltr'><strong>δ’</strong></span> <span class='ocrx_word' id='word_1_392' title='bbox 1151 2972 1188 3010; x_wconf 79' lang='grc' dir='ltr'><strong>ἐν</strong></span> <span class='ocrx_word' id='word_1_393' title='bbox 1216 2968 1266 3023; x_wconf 81' lang='grc' dir='ltr'><strong><em>τῇ</em></strong></span> <span class='ocrx_word' id='word_1_394' title='bbox 1296 2969 1457 3022; x_wconf 76' lang='grc' dir='ltr'><strong><em>ἐπιτομῇ</em></strong></span> <span class='ocrx_word' id='word_1_395' title='bbox 1488 2970 1566 3010; x_wconf 81' lang='grc' dir='ltr'><strong><em>τῶν</em></strong></span> <span class='ocrx_word' id='word_1_396' title='bbox 1594 2971 1805 3018; x_wconf 77' lang='grc' dir='ltr'><strong><em>Σωτίωνος</em></strong></span> <span class='ocrx_word' id='word_1_397' title='bbox 1835 2972 2028 3027; x_wconf 84' lang='grc' dir='ltr'><strong><em>διαδοχῶν</em></strong></span> <span class='ocrx_word' id='word_1_398' title='bbox 2055 2972 2113 3023; x_wconf 77' lang='grc' dir='ltr'><strong><em>τῷ</em></strong></span> <span class='ocrx_word' id='word_1_399' title='bbox 2147 2975 2384 3029; x_wconf 77' lang='grc' dir='ltr'><strong><em>Φιλαδέλφῳ</em></strong></span> <span class='ocrx_word' id='word_1_400' title='bbox 2414 2975 2484 3030; x_wconf 79' lang='grc' dir='ltr'><strong><em>τὴν</em></strong></span> <span class='ocrx_word' id='word_1_401' title='bbox 2508 2979 2703 3032; x_wconf 70' lang='grc' dir='ltr'><strong><em>βασιλείαν</em></strong></span> 
     </span>
     <span class='ocr_line' id='line_1_35' title="bbox 291 3038 2359 3101; baseline 0.004 -21"><span class='ocrx_word' id='word_1_402' title='bbox 291 3041 420 3081; x_wconf 66' lang='grc' dir='ltr'><strong><em>θέλειν</em></strong></span> <span class='ocrx_word' id='word_1_403' title='bbox 445 3039 663 3094; x_wconf 70' lang='grc' dir='ltr'><strong><em>ἐκχωρῆσαι</em></strong></span> <span class='ocrx_word' id='word_1_404' title='bbox 689 3038 758 3081; x_wconf 78' lang='grc' dir='ltr'><strong><em>τὸν</em></strong></span> <span class='ocrx_word' id='word_1_405' title='bbox 788 3039 1054 3091; x_wconf 72' lang='grc' dir='ltr'><strong><em>Πτολεμαῖον·</em></strong></span> <span class='ocrx_word' id='word_1_406' title='bbox 1083 3039 1151 3080; x_wconf 84' lang='grc' dir='ltr'><strong><em>τὸν</em></strong></span> <span class='ocrx_word' id='word_1_407' title='bbox 1181 3044 1217 3081; x_wconf 84' lang='grc' dir='ltr'><strong>δ’</strong></span> <span class='ocrx_word' id='word_1_408' title='bbox 1243 3041 1473 3095; x_wconf 76' lang='grc' dir='ltr'><strong><em>ἀποτρέπειν</em></strong></span> <span class='ocrx_word' id='word_1_409' title='bbox 1501 3040 1716 3095; x_wconf 78' lang='grc' dir='ltr'><strong><em>φάσκοντα,</em></strong></span> <span class='ocrx_word' id='word_1_410' title='bbox 1744 3039 1792 3083; x_wconf 80' lang='grc' dir='ltr'><strong>ἂν</strong></span> <span class='ocrx_word' id='word_1_411' title='bbox 1820 3041 1926 3094; x_wconf 79' lang='grc' dir='ltr'><strong><em>ἄλλῳ</em></strong></span> <span class='ocrx_word' id='word_1_412' title='bbox 1957 3046 2050 3094; x_wconf 77' lang='grc' dir='ltr'><strong><em>δῷς,</em></strong></span> <span class='ocrx_word' id='word_1_413' title='bbox 2079 3045 2128 3086; x_wconf 70' lang='grc' dir='ltr'><em>σύ</em></span> <span class='ocrx_word' id='word_1_414' title='bbox 2159 3047 2228 3101; x_wconf 82' lang='grc' dir='ltr'><strong>οὐχ</strong></span> <span class='ocrx_word' id='word_1_415' title='bbox 2256 3045 2359 3096; x_wconf 74' lang='grc' dir='ltr'><strong><em>ἕξεις.</em></strong></span> 
     </span>
    </p>

    <p class='ocr_par' dir='ltr' id='par_1_5' title="bbox 223 3130 2701 3263">
     <span class='ocr_line' id='line_1_36' title="bbox 223 3130 2698 3200; baseline 0.005 -27"><span class='ocrx_word' id='word_1_416' title='bbox 223 3130 257 3179; x_wconf 89' lang='grc'><strong>“)</strong></span> <span class='ocrx_word' id='word_1_417' title='bbox 287 3133 557 3176; x_wconf 80' lang='lat' dir='ltr'><strong>Ptolemaeum</strong></span> <span class='ocrx_word' id='word_1_418' title='bbox 586 3132 687 3186; x_wconf 83' lang='lat' dir='ltr'><strong>Lagi</strong></span> <span class='ocrx_word' id='word_1_419' title='bbox 725 3133 886 3174; x_wconf 88' lang='lat' dir='ltr'><strong>biennio</strong></span> <span class='ocrx_word' id='word_1_420' title='bbox 923 3137 1018 3175; x_wconf 87' lang='lat' dir='ltr'><strong>ante</strong></span> <span class='ocrx_word' id='word_1_421' title='bbox 1057 3133 1206 3174; x_wconf 87' lang='lat' dir='ltr'><strong>obitum</strong></span> <span class='ocrx_word' id='word_1_422' title='bbox 1239 3133 1509 3176; x_wconf 79' lang='lat' dir='ltr'><strong>Ptolemaeum</strong></span> <span class='ocrx_word' id='word_1_423' title='bbox 1549 3135 1670 3176; x_wconf 84' lang='lat' dir='ltr'><strong>filium</strong></span> <span class='ocrx_word' id='word_1_424' title='bbox 1700 3137 1816 3190; x_wconf 80' lang='lat' dir='ltr'><strong>regni</strong></span> <span class='ocrx_word' id='word_1_425' title='bbox 1848 3137 2039 3179; x_wconf 86' lang='lat' dir='ltr'><strong>habuisse</strong></span> <span class='ocrx_word' id='word_1_426' title='bbox 2068 3141 2244 3191; x_wconf 89' lang='lat' dir='ltr'><strong>socium,</strong></span> <span class='ocrx_word' id='word_1_427' title='bbox 2286 3147 2393 3195; x_wconf 84' lang='lat' dir='ltr'><strong>patet</strong></span> <span class='ocrx_word' id='word_1_428' title='bbox 2433 3149 2471 3184; x_wconf 85' lang='lat' dir='ltr'><strong>et</strong></span> <span class='ocrx_word' id='word_1_429' title='bbox 2501 3156 2553 3184; x_wconf 84' lang='lat' dir='ltr'><strong>ex</strong></span> <span class='ocrx_word' id='word_1_430' title='bbox 2583 3144 2698 3200; x_wconf 74' lang='lat' dir='ltr'><strong>Diog.</strong></span> 
     </span>
     <span class='ocr_line' id='line_1_37' title="bbox 293 3204 2701 3263; baseline 0.002 -16"><span class='ocrx_word' id='word_1_431' title='bbox 293 3204 423 3247; x_wconf 69' lang='lat' dir='ltr'><strong>Laert</strong></span> <span class='ocrx_word' id='word_1_432' title='bbox 453 3205 479 3246; x_wconf 88' lang='grc' dir='ltr'><strong>Ι.</strong></span> <span class='ocrx_word' id='word_1_433' title='bbox 510 3205 535 3246; x_wconf 87' lang='lat' dir='ltr'><strong>l.</strong></span> <span class='ocrx_word' id='word_1_434' title='bbox 566 3210 608 3248; x_wconf 89' lang='lat' dir='ltr'><strong>et</strong></span> <span class='ocrx_word' id='word_1_435' title='bbox 636 3218 691 3247; x_wconf 87' lang='lat' dir='ltr'><strong>ex</strong></span> <span class='ocrx_word' id='word_1_436' title='bbox 720 3204 896 3247; x_wconf 86' lang='lat' dir='ltr'><strong>Eusebio</strong></span> <span class='ocrx_word' id='word_1_437' title='bbox 926 3206 1032 3260; x_wconf 81' lang='lat' dir='ltr'><strong>apud</strong></span> <span class='ocrx_word' id='word_1_438' title='bbox 1062 3205 1210 3259; x_wconf 80' lang='lat' dir='ltr'><strong>scalig.</strong></span> <span class='ocrx_word' id='word_1_439' title='bbox 1245 3208 1282 3247; x_wconf 83' lang='lat' dir='ltr'><strong>in</strong></span> <span class='ocrx_word' id='word_1_440' title='bbox 1314 3207 1510 3249; x_wconf 80' lang='lat' dir='ltr'><strong>animadv.</strong></span> <span class='ocrx_word' id='word_1_441' title='bbox 1541 3206 1591 3248; x_wconf 90' lang='lat' dir='ltr'><strong>ad</strong></span> <span class='ocrx_word' id='word_1_442' title='bbox 1621 3207 1766 3250; x_wconf 89' lang='lat' dir='ltr'><strong>Euseb.</strong></span> <span class='ocrx_word' id='word_1_443' title='bbox 1799 3209 1935 3250; x_wconf 85' lang='lat' dir='ltr'><strong>chron.</strong></span> <span class='ocrx_word' id='word_1_444' title='bbox 1970 3223 2007 3263; x_wconf 84' lang='lat' dir='ltr'><strong>p.</strong></span> <span class='ocrx_word' id='word_1_445' title='bbox 2040 3210 2132 3252; x_wconf 87' lang='lat'><strong>133.</strong></span> <span class='ocrx_word' id='word_1_446' title='bbox 2169 3213 2232 3249; x_wconf 70' lang='grc' dir='ltr'><strong><em>καὶ</em></strong></span> <span class='ocrx_word' id='word_1_447' title='bbox 2262 3207 2409 3257; x_wconf 76' lang='grc' dir='ltr'><strong><em>ζῶντος</em></strong></span> <span class='ocrx_word' id='word_1_448' title='bbox 2434 3213 2503 3262; x_wconf 69' lang='grc' dir='ltr'><strong>μὲν</strong></span> <span class='ocrx_word' id='word_1_449' title='bbox 2545 3210 2600 3252; x_wconf 76' lang='grc' dir='ltr'><strong><em>ἔτι</em></strong></span> <span class='ocrx_word' id='word_1_450' title='bbox 2631 3228 2701 3254; x_wconf 71' lang='grc' dir='ltr'><strong>του</strong></span> 
     </span>
    </p>
   </div>
  </div>
 </body>
</html>
