2853 3836
1259 277 1337 327 Ca
1386 313 1396 327 .
1459 276 1555 327 ΙΧ.

713 376 807 434 De
845 372 1135 433 Demetrii
1191 376 1253 432 in
1292 293 1577 452 Azgypto
1618 376 2098 434 commoratione.

271 520 387 570 Post
416 518 680 569 Cassandri
712 526 913 567 mortem
953 516 1053 582 (ol.
1083 517 1189 578 izo,
1218 518 1286 582 2.)
1320 514 1598 565 Demetrius
1627 515 1899 566 Phalereus
1930 517 2252 582 Antigonum,
2287 517 2364 567 cui
2397 516 2684 583 plerumque

131 620 305 654 nomen
339 611 414 652 est
444 602 714 667 Antipatro,
751 609 989 662 metuens,
1022 608 1194 667 utpote
1218 597 1606 649 crudelissimum
1632 605 1780 663 atque
1805 598 2261 666 inhumanissimum
2286 617 2466 666 regem,
2496 600 2683 651 Thebis

131 686 331 747 relictis,
368 694 645 752 opportuna
680 684 827 750 fugae
861 683 1118 733 occasione
1147 683 1320 742 oblata,
1359 681 1408 730 in
1446 683 1729 747 Aegyptum
1766 680 1828 731 ad
1860 681 2195 732 Ptolemaeum
2226 681 2364 748 Lagi,
2400 684 2476 733 cui
2513 691 2684 750 postea

132 786 398 836 cognomen
431 768 640 818 inditum
672 775 750 818 est
783 767 960 826 Soteri,
995 783 1050 815 se
1074 772 1342 831 receperat,
1371 781 1398 814 a
1426 780 1524 830 quo
1556 764 1679 814 bene
1705 771 1933 830 receptus
1956 781 2146 814 summo
2174 764 2221 814 in
2249 765 2432 815 honore
2456 774 2506 816 et
2529 768 2682 817 abun—

134 853 296 901 dantia
334 851 599 915 vivebat.¹)
658 850 910 915 Optimum
937 847 1134 913 quidem
1169 847 1261 897 hoc
1297 847 1389 897 sibi
1425 846 1667 912 refugium
1693 848 1929 912 elegerat,
1960 864 2108 913 quum
2139 848 2449 897 Ptolemaeus
2478 848 2602 914 Lagi
2635 856 2686 899 et

133 933 458 984 amicissimus
506 939 643 983 esset
682 931 988 990 Cassandro,
1036 945 1180 996 quem
1230 929 1467 980 Demetrii
1515 929 1757 980 fautorem
1803 930 2144 995 cognovimus,
2190 937 2242 979 et
2277 937 2534 996 praeterea
2581 931 2686 996 ipse

133 1017 496 1067 amantissimus
522 1014 844 1078 litterarum¹)
868 1014 1161 1078 multosque,
1185 1013 1267 1079 qui
1298 1012 1474 1062 litteris
1500 1013 1813 1073 excellerent,
1843 1012 1891 1062 in
1918 1013 2076 1062 aulam
2107 1029 2243 1062 suam
2270 1016 2535 1074 vocaret.⁸)
2571 1013 2684 1079 Quo

133 1101 312 1149 factum
351 1106 443 1160 est,
476 1105 531 1147 ut
570 1096 851 1146 Demetrius
892 1096 1175 1157 Phalereus,
1209 1111 1357 1162 quum
1380 1094 1568 1144 Thebis
1604 1095 1764 1145 minus
1802 1101 1963 1145 tutum
1993 1112 2049 1146 se
2083 1111 2191 1146 esse
2226 1102 2438 1162 putaret,
2474 1095 2537 1145 ad
2573 1112 2685 1146 eum

133 1182 435 1247 confugeret,
471 1197 616 1246 quem
652 1180 933 1229 Cassandro
971 1179 1179 1229 amicum
1216 1186 1267 1227 et
1302 1177 1572 1226 litterarum
1610 1178 1848 1227 fautorem
1881 1178 2077 1228 sciebat.
2148 1178 2291 1245 Quae
2326 1194 2435 1227 cum
2468 1178 2536 1228 ita
2572 1179 2684 1241 sint,

133 1280 230 1313 non
267 1272 342 1313 est
377 1263 678 1324 mirandum,
724 1262 855 1328 quod
896 1261 1176 1311 Demetrius
1214 1276 1241 1309 a
1281 1260 1560 1309 Ptolemaeo
1605 1267 1655 1310 et
1691 1267 1896 1326 propter
1929 1277 2147 1311 summae
2182 1260 2472 1311 eruditionis
2510 1261 2683 1312 famam

133 1355 183 1396 et
218 1345 349 1411 quod
391 1346 703 1395 Ptolemaeus
731 1352 845 1393 ⁴erat
884 1343 1114 1410 Antigoni
1151 1350 1202 1392 et
1241 1342 1475 1392 Demetrii
1516 1343 1841 1404 Poliorcetae‚
1885 1359 1914 1393 a
1949 1343 2127 1410 quibus
2166 1343 2433 1394 Phalereus
2465 1361 2530 1394 ex
2567 1345 2686 1395 urbe

134 1427 288 1496 patria
326 1429 487 1478 fuerat
521 1427 725 1495 ejectus,
760 1426 985 1477 inimicus
1022 1426 1230 1493 benigne
1263 1427 1328 1476 sit
1356 1433 1609 1493 exceptus,
1643 1425 1767 1476 adeo
1805 1432 1980 1476 utnon
2008 1426 2116 1493 ipse
2146 1433 2333 1477 tantum
2363 1425 2686 1479 abundaverit

133 1513 359 1563 omnibus
407 1511 581 1576 copiis,
628 1513 717 1560 sed
765 1519 815 1560 et
852 1510 1020 1559 amicis
1067 1510 1287 1560 Athenas
1331 1526 1534 1559 munera
1579 1509 1765 1559 miserit
1809 1511 2124 1573 luculenta.⁴)
2205 1510 2485 1560 Demetrius
2520 1517 2685 1560 autem

132 1606 355 1661 tempore
391 1595 674 1644 Ptolemaeo
710 1594 921 1643 maxime
955 1600 1233 1660 opportuno
1272 1592 1616 1643 Alexandriam
1655 1601 1869 1654 venerat,
1904 1593 2089 1659 quippe
2122 1592 2227 1658 qui,
2263 1609 2430 1659 regum
2469 1594 2685 1644 Alexan-

133 1678 383 1729 drinorum
432 1678 642 1743 primus,
692 1677 885 1726 firmato
910 1674 1011 1742 jam
1049 1675 1139 1725 sibi
1180 1682 1295 1741 post
1331 1676 1454 1725 bella
1500 1675 1660 1725 civilia
1707 1692 1879 1741 regno,
1925 1676 1973 1724 in
2020 1692 2078 1724 eo
2122 1687 2393 1740 occupatus
2429 1683 2584 1737 esset,
2630 1685 2687 1727 ut

133 1760 396 1828 Aegyptiis
431 1777 585 1810 novas
621 1759 763 1810 daret
801 1760 949 1826 leges,
985 1775 1106 1824 quas
1141 1758 1203 1808 ad
1241 1758 1604 1824 componendas
1640 1757 1961 1809 libentissime
1995 1760 2228 1809 utebatur
2265 1759 2499 1809 Demetrii
2535 1776 2687 1825 opera

133 1853 184 1895 et
218 1844 443 1905 consilio,
489 1859 633 1908 quem
681 1842 838 1892 virum
885 1858 1104 1892 summae
1140 1841 1430 1892 eruditionis
1475 1849 1528 1891 et
1569 1833 1872 1891 Athenarum
1910 1841 2157 1892 civitatem
2203 1859 2290 1908 per
2326 1842 2494 1892 decem
2530 1858 2685 1893 anuos

134 1929 260 1977 bene
316 1927 508 1976 rexisse
558 1933 609 1974 et
659 1924 722 1974 de
768 1925 1020 1990 republica
1067 1924 1450 1974 administranda
1492 1940 1634 1989 quam
1682 1924 1888 1990 plurima
1939 1924 2195 1990 scripsisse
2245 1925 2373 1974 haud
2424 1926 2685 1990 ignoraret.

133 2009 437 2060 Demetrium
475 2015 639 2059 autem
677 2007 724 2058 in
765 2008 1000 2073 Aegypto
1035 2006 1169 2074 apud
1212 2007 1545 2058 Ptolemaeum
1583 2024 1746 2072 regem
1792 2007 1840 2058 in
1879 2007 2105 2073 rogandis
2141 2007 2453 2074 ferendisque
2494 2008 2684 2073 legibus

133 2093 313 2161 primas
350 2092 567 2143 tenuisse
604 2098 780 2158 partes,
818 2089 1024 2157 legimus
1060 2090 1193 2157 apud
1232 2090 1490 2141 Aelianum
1532 2089 1586 2139 V.
1621 2089 1690 2140 H.
1721 2090 1808 2152 ΙΙΙ,
1840 2093 1918 2139 Π.
1956 2091 2037 2140 καὶ
2073 2091 2123 2139 ἐν
2156 2091 2394 2158 Αἰγύπτῳ
2433 2090 2486 2141 δὲ
2523 2090 2685 2141 συνών

194 2239 227 2289 ¹)
258 2239 457 2283 Plutarch.
502 2238 552 2280 de
591 2238 735 2280 exsilio
768 2251 806 2293 p.
844 2239 939 2281 60¹.
979 2239 1035 2281 ita
1076 2239 1235 2281 scribit:
1277 2230 1393 2283 οὗτος
1431 2236 1500 2287 μὲν
1538 2232 1787 2290 (Δημήτριος
1815 2234 1837 2276 ὁ
1871 2233 2095 2291 Φαληρεύς)
2133 2239 2171 2277 ἐν
2196 2233 2461 2289 Ἀλεξανδρείᾳ
2487 2235 2586 2290 μετὰ
2615 2235 2684 2289 τὴν

267 2307 395 2364 φυγὴν
423 2306 580 2361 πρῶτος
608 2304 665 2349 olo
691 2308 773 2349 τῶν
801 2309 1051 2360 Πτολεμαίου
1089 2308 1226 2362 φίλων,
1264 2306 1310 2348 οὐ
1338 2306 1456 2360 μόνον
1482 2306 1603 2355 αὐτὸς
1641 2311 1678 2348 ἐν
1708 2304 1904 2362 ἀφθόνοις
1943 2308 2081 2362 διῆγεν,
2120 2306 2220 2349 ἀλλὰ
2251 2313 2316 2350 καὶ
2355 2316 2435 2357 τοῖς
2459 2307 2684 2361 Ἀθηναίοις

265 2378 416 2433 δωρεὰς
445 2377 597 2429 ἔπεμπε·
654 2384 771 2433 Quod
804 2384 946 2425 Cicero
987 2384 1038 2425 de
1067 2384 1132 2425 fin.
1165 2384 1211 2424 V.
1245 2384 1310 2424 19.
1351 2384 1430 2424 hoc
1460 2385 1583 2425 otium
1615 2385 1803 2425 Demetrii
1840 2384 1879 2424 in
1909 2385 2099 2439 Aegypto
2140 2385 2310 2426 viventis
2342 2385 2436 2426 dicit
2474 2385 2683 2427 calamito-

265 2470 353 2498 sum
385 2455 437 2496 cf.
469 2460 683 2496 comment.
710 2460 809 2508 part.
839 2456 866 2497 1.
900 2468 938 2509 p.
970 2455 1038 2496 63.
1106 2455 1192 2496 Nec
1221 2456 1421 2495 consentit
1449 2467 1539 2496 cum
1575 2457 1770 2497 Cicerone
1800 2456 2036 2498 Plutarchus
2066 2456 2132 2498 l.l.
2162 2456 2303 2506 πατρὶς
2331 2454 2374 2494 δὲ
2408 2454 2546 2507 γίνεται
2573 2457 2683 2494 πᾶσα

264 2523 376 2571 πόλις
415 2521 539 2570 εὐθὺς
576 2519 780 2576 ἀνθρώπῳ
818 2524 995 2578 χρῆσθαι
1034 2521 1284 2575 μεμαθηκότι
1320 2526 1385 2563 καὶ
1423 2522 1532 2576 ῥίζας
1568 2522 1689 2578 ἔχοντι
1726 2526 1925 2579 πανταχοῦ
1955 2523 2026 2578 ζῆν
2063 2540 2106 2567 τε
2133 2529 2198 2566 καὶ
2229 2528 2447 2579 τρέφεσθαι
2475 2530 2540 2567 καὶ
2568 2530 2682 2568 παντὶ

264 2595 375 2644 τόπῳ
404 2593 688 2649 προσφύεσθαι
716 2596 939 2646 δυναμένας,
969 2593 1054 2643 ofin,-
1082 2593 1155 2649 εἶχε
1193 2595 1468 2648 Θεμιστοκλῆς,
1498 2593 1582 2642 οἱῖιις
1613 2594 1838 2650 Δημήτριος
1866 2594 1888 2636 ὁ
1924 2594 2139 2651 Φαληρεύς,

189 2686 228 2734 ²)
259 2690 348 2744 lpse
378 2688 584 2729 historiam
613 2687 777 2742 scripsit
806 2686 860 2728 de
888 2688 1107 2730 Alexandri
1146 2688 1281 2742 magni
1311 2687 1656 2744 expeditionibus,
1700 2689 1816 2744 quus
1847 2689 2090 2731 mentionem
2121 2688 2304 2732 iecerunt
2334 2689 2484 2733 Plinius
2515 2694 2556 2733 et
2584 2689 2682 2733 Plu-

265 2762 440 2812 tarchus,
471 2773 526 2802 ex
557 2771 638 2816 qua
667 2760 864 2801 Arrianus
893 2760 932 2800 in
963 2760 1083 2814 praef.
1115 2765 1155 2802 et
1185 2760 1236 2801 al.
1269 2772 1316 2802 se
1344 2772 1417 2802 sua
1449 2760 1634 2802 hausisse
1662 2760 1823 2803 fatetur.
1896 2762 1971 2811 Qu.
2003 2761 2161 2804 Curtius
2194 2762 2245 2804 de
2273 2762 2418 2805 eodem
2449 2762 2680 2805 Ptolemaeo

265 2836 426 2883 scribit,
466 2833 596 2875 fuisse
626 2845 718 2875 eum
760 2832 1042 2887 peritissimum
1072 2833 1234 2887 quidem
1265 2833 1523 2886 bellatorem,
1561 2833 1634 2875 sed
1665 2835 1776 2888 pacis
1806 2838 1940 2875 tamen
1970 2834 2121 2876 artibus
2151 2845 2270 2889 quam
2300 2834 2463 2877 militiae
2492 2835 2680 2890 majorem

265 2911 306 2949 et
337 2905 559 2947 clariorem.

190 2992 229 3042 8)
259 2995 410 3038 ΗυΙῑοε
440 2994 700 3050 philosophos
731 2995 912 3038 Graecos
942 2994 992 3036 ad
1023 3005 1070 3035 se
1100 2994 1347 3047 invitaverat,
1387 2999 1432 3037 ut
1461 2995 1680 3049 Stilponem
1710 2995 2004 3050 Negat-ensem,
2036 2996 2253 3039 Diodorum
2293 2997 2489 3049 tironum,
2519 2999 2680 3041 Strato-

266 3080 356 3110 nem
387 3068 705 3122 Peripateticum,
734 3067 849 3120 εἰὶσε,
880 3072 922 3110 et
951 3067 1087 3121 magni
1115 3068 1337 3111 estimabat
1355 3067 1686 3121 Theophrastum,
1713 3069 1903 3111 Demetrii
1932 3069 2181 3124 magistrum,
2212 3068 2321 3122 quod
2350 3074 2462 3123 patet
2490 3083 2544 3113 ex
2561 3071 2679 3124 Diog:

267 3138 398 3181 Laert.
427 3141 467 3181 in
494 3139 695 3194 Theophr.

192 3208 230 3259 ⁴)
261 3210 361 3253 Plut.
391 3210 418 3251 1.
434 3210 459 3252 l.
