2853 3836
1345 155 1434 213 ’θ

203 271 207 277 “
278 289 611 342 Ptolemaeum
641 287 1028 354 Philadelphum,
1053 286 1318 338 Ptolemaei
1342 286 1464 351 Lagi
1492 286 1659 347 lilium,
1689 286 1907 352 Aegypti
1926 303 2104 353 regem,
2139 287 2387 338 incensum
2417 290 2677 340 dulcedine

141 375 425 434 litterarum,
461 371 789 432 Alexandriae
810 370 1055 435 insignem
1091 369 1428 426 bibliothecam
1457 367 1739 430 ,condidisse
1768 369 1813 430 ii,
1851 386 1975 435 quos
2007 369 2236 432 diximus,
2275 372 2539 437 scriptores
2576 382 2675 424 tra·

106 458 112 463 ’
141 456 372 518 diderunt
381 473 396 519 3
431 472 521 506 nec
545 470 744 521 graecos
766 470 876 502 eum
903 453 1207 518 congessisse
1229 450 1377 499 libros
1402 449 1521 499 satis
1546 448 1827 500 arbitratum
1846 468 1873 501 a
1894 450 2155 502 Chaldaeis
2176 469 2370 519 quoque
2391 460 2443 504 et
2460 455 2675 517 ludaeis,

141 538 322 602 Persis,
348 536 582 603 Assyriis,
613 535 842 585 Romanis
858 536 1061 601 aliisque
1082 530 1311 600 gentihus
1330 532 1479 580 libros
1505 531 1736 597 petivisse
1754 550 1932 598 eosque
1954 551 2129 600 graece
2145 551 2407 586 conversos
2434 537 2480 587 in
2506 538 2674 588 biblio-

140 622 281 673 theca
304 609 473 686 reponi
492 617 710 686 jussisse.
749 619 919 685 ltaque
937 616 1086 685 quum
1111 614 1436 678 intellexisset
1460 631 1523 663 ex
1548 613 1793 664 Demetrio
1817 615 2064 678 Phalereo,
2101 634 2244 684 quem
2274 617 2542 670 litterarum
2574 606 2681 670 lau--

142 703 285 754 dibus
318 702 555 753 illustrem
587 700 907 753 bibliothecae
944 699 1258 766 praefecerat,
1294 705 1490 747 exstare
1524 697 1654 763 apud
1690 696 1909 747 Judaeos
1947 700 2187 750 volumina
2224 702 2589 768 prophetarum,
2630 705 2676 753 in

140 784 319 850 ‘quibus
351 784 412 833 de
446 784 555 842 deo,
591 785 654 833 de
688 783 856 831 mundi
884 781 1091 847 opificio,
1126 780 1316 845 aliaque
1351 780 1629 829 reconditae
1665 779 1933 844 sapientiae
1959 792 2267 832 monumenta
2296 786 2677 847 continerentur,

140 865 396 932 scripsisse
441 882 551 916 eum
596 864 994 929 Hierosolymam
1042 861 1102 912 ad
1136 861 1381 923 Judaeos,
1426 870 1482 911 ut
1523 861 1603 910 illa
1641 861 2041 911 transmitterent.
2113 864 2278 913 Lectis
2315 868 2454 929 regiis
2490 869 2677 929 litteris,

139 948 286 1000 libros
317 949 481 998 aureis
516 946 875 997 characteribus
910 944 1182 1010 descriptos
1216 945 1277 994 ad
1314 961 1476 1010 regem
1508 961 1594 994 eos
1626 945 1888 994 curavisse.
1942 946 2108 1011 Quum
2142 964 2258 997 vero
2288 948 2366 996 illi.
2391 950 2554 998 traditi
2592 953 2675 999 he-

141 1032 287 1082 braeo
322 1028 572 1091 idiomate,
617 1028 756 1096 cujus
792 1027 1046 1094 imperitus
1082 1035 1235 1089 esset,
1273 1027 1538 1093 conscripti
1583 1036 1771 1087 essent,
1820 1027 2053 1093 petivisse
2086 1046 2196 1078 eum
2232 1030 2548 1095 interpretes,
2599 1035 2677 1095 qui

140 1131 202 1163 ex
240 1112 471 1175 Hebraeo
510 1112 556 1166 in
594 1128 821 1179 graecum
857 1127 1127 1162 sermonem
1165 1110 1313 1160 libros
1349 1110 1470 1160 istos
1504 1119 1862 1160 converterent.
1945 1112 2121 1162 Missos
2166 1113 2313 1178 igitur
2347 1131 2454 1162 esse
2488 1132 2550 1162 ex
2589 1116 2677 1162 .lu-

140 1196 259 1245 daea
307 1196 439 1245 viros
487 1182 799 1261 septuaginta
848 1194 945 1243 duo
989 1193 1223 1243 hebraeas
1267 1200 1317 1242 et
1363 1209 1563 1259 graecas
1611 1193 1797 1242 litteras
1844 1204 2071 1243 accurate
2114 1196 2314 1256 doctos3
2367 1198 2457 1245 hos
2492 1215 2678 1245 sacram

140 1279 430 1345 scripturam
468 1279 514 1338 in
552 1279 715 1327 Pharo
752 1277 907 1327 insula
943 1293 1116 1341 graece
1150 1275 1494 1341 interpretatos
1529 1292 1641 1326 esse
1676 1275 1876 1342 Olymp.
1915 1276 2169 1338 CXXVH,
2206 1295 2333 1328 anno
2374 1280 2678 1345 Philadelphi

140 1362 268 1427 regis
305 1361 491 1409 decimo
526 1371 700 1420 sext03
748 1361 872 1408 hane
907 1376 1017 1408 esse
1063 1358 1536 1423 interpretationem,
1581 1373 1721 1422 quam
1759 1357 1900 1408 Lxx
1942 1376 1968 1408 a
2006 1376 2211 1411 numero
2257 1362 2470 1423 illorum,
2516 1363 2596 1427 qui
2637 1364 2678 1410 ei

140 1459 336 1511 operam
369 1443 606 1503 dederint,
633 1443 865 1502 dicamus,
890 1442 981 1489 esti
1008 1440 1097 1488 viri
1127 1439 1435 1504 septuaginta
1464 1439 1561 1488 duo
1591 1439 1633 1488 ei
1667 1440 1936 1504 praefuisse
1964 1441 2225 1492 verisimile
2257 1443 2347 1504 sit3
2385 1460 2446 1493 ex
2476 1444 2678 1507 singulis

141 1526 267 1575 enim
305 1528 531 1576 tribubus
579 1542 667 1576 sex
715 1527 933 1573 delectos
970 1524 1147 1583 fuisse,
1193 1523 1302 1582 sed,
1350 1532 1404 1570 ut
1445 1521 1514 1571 ait
1551 1521 1880 1586 Augustinus,
1925 1523 2263 1587 interpretatio
2306 1524 2402 1575 ista
2448 1533 2502 1575 ut
2540 1526 2677 1576 Lxx

141 1609 720 1670 vocaretur‚'obtinuisse
755 1607 1172 1655 consuetudinem.
1229 1604 1530 1673 Demetrium
1566 1614 1728 1665 autem
1769 1604 2073 1665 Phalereum‚
2112 1607 2475 1658 Alexandrinae
2513 1609 2679 1659 biblio-

142 1689 314 1741 thecae
350 1691 667 1758 prael'ectum,
705 1698 859 1739 totum
898 1690 1144 1755 negotium
1182 1687 1594 1753 interpretationis
1630 1704 1828 1735 curasse
1873 1686 2078 1753 ejusque
2110 1688 2323 1753 impulsu
2362 1709 2523 1755 regem
2565 1692 2679 1741 l'to-

143 1774 378 1823 lernaeum
415 1773 549 1823 illud.
571 1772 863 1838 suscepisse.
933 1774 1097 1836 Atque
1129 1771 1251 1818 haec
1285 1779 1491 1819 testatur
1517 1771 1787 1829 Aristaeus,
1824 1770 1963 1835 cujus
2001 1774 2288 1822 auctoritate
2319 1783 2370 1822 et
2407 1775 2680 1824 testimonio

143 1855 274 1905 nisos
310 1855 578 1916 Eusebius,
623 1855 874 1920 josephus
918 1861 969 1902 et
1013 1853 1262 1902 christiani
1297 1853 1560 1917 scriptores
1597 1853 1699 1900 fere
1734 1870 1902 1901 omncs
1938 1853 2140 1903 eandem
2178 1873 2277 1903 rem
2317 1874 2371 1904 se
2409 1857 2680 1921 prodidisse

144 1949 371 1999 fatentur.
411 1949 591 2001 Euseb.
619 1949 796 2013 Praep.
830 1963 998 2012 evang.
1037 1945 1168 1995 vlu.
1197 1945 1243 1994 2.
1281 1944 1633 2011 προςήγγελται
1668 1946 1754 2008 (ita
1792 1947 2091 1995 Demetrium
2133 1949 2422 1998 Phalereum
2460 1952 2519 1998 ad
2559 1953 2676 1999 l'to-

144 2044 381 2091 lcmaeum
432 2059 595 2107 regem
648 2043 862 2095 locutum
900 2057 1009 2089 esse
1059 2038 1177 2089 dicit
1231 2038 1506 2103 Aristaeus)
1558 2037 1616 2087 δέ
1666 2057 1749 2102 μοι
1801 2040 1881 2086 καὶ
1930 2039 1991 2087 τὰ
2041 2045 2141 2087 τῶν
2199 2041 2437 2088 Ἰουδαίων
2482 2046 2679 2105 νόμιμα,

141 2140 460 2204 μεταγραφῆς
506 2135 620 2193 ἄξια
664 2134 745 2183 καὶ
795 2139 888 2199 τῆς
938 2132 1069 2199 παρά
1118 2146 1200 2182 σοι
1241 2132 1568 2199 βιβλιοθήκης
1603 2129 1742 2180 εἶναι·
1789 2134 1839 2180 τί
1884 2136 1940 2181 τὸ
1989 2133 2175 2182 κωλύον
2211 2132 2313 2193 οὖν,
2362 2134 2494 2183 εἶπεν
2533 2140 2680 2202 (rex),

142 2233 248 2280 ἐστι’
298 2245 354 2280 σε
407 2235 555 2280 τοῦτο
607 2234 847 2296 ποιῆσαι;
908 2227 1071 2277 πάντα
1120 2226 1212 2294 γὰρ
1274 2227 1606 2277 α’ποτέτακταί
1665 2241 1746 2276 σοι
1800 2228 1861 2276 τὰ
1924 2232 2045 2294 πρὸς
2105 2228 2197 2294 τὴν
2253 2231 2435 2296 χρείαν.
2532 2233 2579 2281 Ὀ
2629 2233 2677 2279 ὸέἶ

144 2325 427 2392 Δημήτριος
489 2322 633 2371 εἶπεν·
693 2325 947 2389 ἑρμηνείας
1010 2324 1308 2389 προςδεῖται·
1376 2327 1682 2389 χαρακτῆρσι
1742 2323 1834 2388 γὰρ
1898 2325 2045 2382 ἰδίοις
2105 2324 2229 2372 κατὰ
2291 2327 2382 2391 τὴν
2447 2327 2681 2376 Ἰουδαίαν

145 2426 372 2488 χρῶνται,
416 2418 644 2485 καθάπερ
688 2408 954 2479 Αἰγύπτιοι
1000 2422 1063 2485 τῇ
1104 2422 1205 2464 τῶν
1236 2415 1532 2492 γραμμάτων
1575 2418 1741 2475 θέσει,
1788 2420 1920 2465 καθὸ
1964 2418 2045 2465 καὶ
2084 2419 2253 2484 φωνὴν
2299 2421 2431 2468 ἰδίαν
2466 2423 2677 2482 ἔχουσιν·

144 2514 572 2578 ὑπολαμβάνονται
608 2512 679 2566 ,δὲ
728 2518 961 2582 Συριακῇ
1008 2515 1249 2577 χρῆσθαι·
1302 2514 1358 2559 τὸ
1410 2511 1541 2559 δὀὐκ
1592 2512 1743 2569 ἔστιν,
1793 2512 2053 2578 ἀλλ’ἕτερος
2105 2514 2299 2579 τρόπος.
2371 2518 2681 2576 Μεταλαβιὸν

146 2611 194 2658 δὲ
233 2613 416 2658 ἕκαστα
452 2615 477 2657 ὁ
514 2607 759 2669 βασιλεὺς,
802 2603 906 2656 εἶπε
939 2611 1191 2673 γραφῆναι
1236 2607 1357 2673 πρὸς
1401 2611 1488 2654 τὸν
1528 2608 1751 2673 ἀρχιερέα
1786 2613 1884 2654 τῶν
1930 2608 2194 2667 Ἰουδαίων,
2246 2611 2393 2668 ὅπως·
2419 2612 2478 2657 τὰ
2515 2630 2680 2677 παρει-

146 2706 330 2771 ρήμένα
379 2704 625 2750 τελείωσιν
676 2701 815 2770 λάβῃ.
883 2701 966 2760 Ὠς
1002 2701 1056 2748 δὲ
1100 2699 1425 2767 κατεπράχθη
1475 2707 1658 2762 ταῦτα,
1708 2703 1793 2749 τὸν
1838 2701 2127 2768 Δημήτριον
2161 2704 2407 2752 ἐκέλευσεν
2452 2708 2680 2756 ἐκδοῦναι.

147 2800 255 2865 περὶ
289 2803 381 2864 τῆς
416 2801 515 2844 τῶν
548 2796 820 2843 Ἰουδαϊκῶν
854 2795 1050 2855 βιβλίων
1071 2795 1372 2861 ,ἀναγραφῆς
1404 2797 1502 2845 κτλ.
1531 2824 1591 2832 -
1618 2795 1751 2846 {dem
1787 2795 1964 2848 litteris
2001 2798 2261 2848 custodivit
2296 2798 2548 2865 epistolam
2584 2803 2679 2850 De-

148 2893 304 2942 metrii
343 2892 564 2942 Phalerei
608 2891 669 2940 ad
719 2892 1076 2951 Ptolemaeum,
1121 2889 1336 2956 Aegypti
1374 2907 1559 2956 regem,
1606 2889 1669 2939 de
1713 2889 1884 2941 eadem
1930 2909 1984 2941 re
2028 2891 2279 2957 scriptam,
2327 2893 2389 2943 de
2425 2911 2517 2960 qua
2556 2895 2680 2945 infra

148 2988 422 3053 accuratius
450 2994 636 3054 agetur.
671 2985 784 3037 Hoc
817 2985 923 3035 loco
958 2984 1184 3046 sufficiat,
1218 2984 1408 3035 nonnisi
1435 3001 1491 3035 ea
1524 2985 1688 3046 verba,
1724 3001 1852 3052 quae
1879 2992 2104 3052 spectant
2139 3003 2258 3049 rem,
2296 2988 2359 3036 de
2388 3005 2479 3053 qua
2506 2990 2681 3055 agitur,

149 3082 472 3133 transcribere
514 3099 577 3133 ex
616 3082 797 3132 Euseb.
843 3080 1015 3145 Praep.
1051 3095 1221 3146 evang.
1261 3078 1400 3129 vlu.
1434 3079 1479 3129 3.
1548 3079 1934 3146 Προςτάξαντός
1985 3093 2101 3143 σου,
2151 3084 2374 3141 βασιλεῦ,
2426 3084 2536 3148 περὶ
2587 3093 2684 3133 τῶν

150 3163 551 3243 ἀπολειφθέντων
600 3179 671 3256 οἷς
721 3174 813 3242 τὴν
859 3172 1214 3241 συμπλήρωσιν
1265 3179 1357 3242 τῆς
1406 3174 1732 3242 βιβλιοθήκης
1791 3177 2012 3237 βιβλίων,
2065 3178 2195 3237 ὅπως
2244 3182 2566 3247 ἑπισυναχθῇ
2605 3185 2677 3228 καὶ

2116 3262 2145 3309 2
